<?xml version="1.0" encoding="UTF-8"?>
<!DOCTYPE html PUBLIC "-//W3C//DTD XHTML 1.0 Transitional//EN"
    "http://www.w3.org/TR/xhtml1/DTD/xhtml1-transitional.dtd">
<html xmlns="http://www.w3.org/1999/xhtml" xml:lang="en" lang="en">
 <head>
  <title>
</title>
<meta http-equiv="Content-Type" content="text/html;charset=utf-8" />
  <meta name='ocr-system' content='tesseract 3.04.00' />
  <meta name='ocr-capabilities' content='ocr_page ocr_carea ocr_par ocr_line ocrx_word'/>
</head>
<body>
  <div class='ocr_page' id='page_1' title='image "./homericarminaad01baumgoog_0543.png"; bbox 0 0 2470 3926; ppageno 0'>
   <div class='ocr_carea' id='block_1_1' title="bbox 193 259 809 324">
    <p class='ocr_par' dir='ltr' id='par_1_1' title="bbox 193 259 809 324">
     <span class='ocr_line' id='line_1_1' title="bbox 193 259 809 324; baseline -0.011 0"><span class='ocrx_word' id='word_1_1' title='bbox 193 259 253 324; x_wconf 55' lang='lat'><strong><em>&amp;58</em></strong></span> <span class='ocrx_word' id='word_1_2' title='bbox 526 259 746 320; x_wconf 81' lang='grc' dir='ltr'><em>ΙΛΙΑΔΟΣ</em></span> <span class='ocrx_word' id='word_1_3' title='bbox 772 261 809 318; x_wconf 75' lang='grc' dir='ltr'><strong><em>Ψ.</em></strong></span> 
     </span>
    </p>
   </div>
   <div class='ocr_carea' id='block_1_2' title="bbox 53 416 1224 3574">
    <p class='ocr_par' dir='ltr' id='par_1_2' title="bbox 190 416 1145 806">
     <span class='ocr_line' id='line_1_2' title="bbox 191 416 1100 508; baseline 0.001 -20"><span class='ocrx_word' id='word_1_4' title='bbox 191 418 318 508; x_wconf 79' lang='grc' dir='ltr'><em>τύμβον</em></span> <span class='ocrx_word' id='word_1_5' title='bbox 335 419 367 488; x_wconf 94' lang='grc' dir='ltr'><strong><em>δ’</em></strong></span> <span class='ocrx_word' id='word_1_6' title='bbox 385 418 427 488; x_wconf 91' lang='grc' dir='ltr'><strong><em>ού</em></strong></span> <span class='ocrx_word' id='word_1_7' title='bbox 442 418 532 507; x_wconf 87' lang='grc' dir='ltr'><strong><em>μάλα</em></strong></span> <span class='ocrx_word' id='word_1_8' title='bbox 548 416 675 488; x_wconf 85' lang='grc' dir='ltr'><strong><em>πολλὸν</em></strong></span> <span class='ocrx_word' id='word_1_9' title='bbox 691 418 755 504; x_wconf 60' lang='lat' dir='ltr'><strong><em>ey&amp;</em></strong></span> <span class='ocrx_word' id='word_1_10' title='bbox 773 422 957 488; x_wconf 77' lang='grc' dir='ltr'><strong><em>πονέεσθαι</em></strong></span> <span class='ocrx_word' id='word_1_11' title='bbox 974 420 1100 507; x_wconf 80' lang='grc' dir='ltr'><strong><em>ἀνωγα,</em></strong></span> 
     </span>
     <span class='ocr_line' id='line_1_3' title="bbox 191 514 1145 605; baseline 0.002 -19"><span class='ocrx_word' id='word_1_12' title='bbox 191 517 259 589; x_wconf 88' lang='grc' dir='ltr'><strong><em>ἀλλ’</em></strong></span> <span class='ocrx_word' id='word_1_13' title='bbox 279 523 422 588; x_wconf 75' lang='grc' dir='ltr'><strong><em>ἐπιεικέα</em></strong></span> <span class='ocrx_word' id='word_1_14' title='bbox 438 532 545 588; x_wconf 81' lang='grc' dir='ltr'><strong><em>τοιον·</em></strong></span> <span class='ocrx_word' id='word_1_15' title='bbox 568 523 679 589; x_wconf 80' lang='grc' dir='ltr'><strong><em>ἔπειτα</em></strong></span> <span class='ocrx_word' id='word_1_16' title='bbox 697 519 733 587; x_wconf 75' lang='grc' dir='ltr'><strong><em>δέ</em></strong></span> <span class='ocrx_word' id='word_1_17' title='bbox 750 517 805 586; x_wconf 78' lang='grc' dir='ltr'><strong><em>καὶ</em></strong></span> <span class='ocrx_word' id='word_1_18' title='bbox 822 514 885 586; x_wconf 80' lang='grc' dir='ltr'><strong><em>τὸν</em></strong></span> <span class='ocrx_word' id='word_1_19' title='bbox 898 516 1021 605; x_wconf 79' lang='grc' dir='ltr'><strong><em>Ἀχαιολ</em></strong></span> <span class='ocrx_word' id='word_1_20' title='bbox 1094 532 1145 590; x_wconf 73' lang='lat'><strong><em>2⁴⁶</em></strong></span> 
     </span>
     <span class='ocr_line' id='line_1_4' title="bbox 190 614 1048 706; baseline 0 -20"><span class='ocrx_word' id='word_1_21' title='bbox 190 614 296 704; x_wconf 88' lang='grc' dir='ltr'><strong><em>εύρύυ</em></strong></span> <span class='ocrx_word' id='word_1_22' title='bbox 311 616 351 688; x_wconf 83' lang='grc' dir='ltr'><strong><em>θ’</em></strong></span> <span class='ocrx_word' id='word_1_23' title='bbox 369 615 502 706; x_wconf 70' lang='grc' dir='ltr'><strong><em>ύφηλόν</em></strong></span> <span class='ocrx_word' id='word_1_24' title='bbox 518 643 553 686; x_wconf 91' lang='grc' dir='ltr'><strong><em>τε</em></strong></span> <span class='ocrx_word' id='word_1_25' title='bbox 569 617 757 704; x_wconf 79' lang='grc' dir='ltr'><strong><em>τιθήμεναι,</em></strong></span> <span class='ocrx_word' id='word_1_26' title='bbox 777 619 812 685; x_wconf 80' lang='grc' dir='ltr'><strong><em>οἵ</em></strong></span> <span class='ocrx_word' id='word_1_27' title='bbox 823 642 883 684; x_wconf 88' lang='grc' dir='ltr'><strong><em>κεν</em></strong></span> <span class='ocrx_word' id='word_1_28' title='bbox 898 619 988 704; x_wconf 78' lang='grc' dir='ltr'><strong><em>έμείο</em></strong></span> <span class='ocrx_word' id='word_1_29' title='bbox 1046 641 1048 648; x_wconf 93' lang='grc'><strong><em>·</em></strong></span> 
     </span>
     <span class='ocr_line' id='line_1_5' title="bbox 190 717 933 806; baseline 0 -22"><span class='ocrx_word' id='word_1_30' title='bbox 190 717 341 803; x_wconf 89' lang='grc' dir='ltr'><strong><em>δεύτεροι</em></strong></span> <span class='ocrx_word' id='word_1_31' title='bbox 358 721 395 786; x_wconf 85' lang='grc' dir='ltr'><strong><em>έν</em></strong></span> <span class='ocrx_word' id='word_1_32' title='bbox 411 717 527 806; x_wconf 83' lang='grc' dir='ltr'><strong><em>νήεσσι</em></strong></span> <span class='ocrx_word' id='word_1_33' title='bbox 543 717 742 805; x_wconf 71' lang='grc' dir='ltr'><strong><em>πολυκλήϊσι</em></strong></span> <span class='ocrx_word' id='word_1_34' title='bbox 757 721 933 802; x_wconf 81' lang='grc' dir='ltr'><strong><em>λίπησθι.“</em></strong></span> 
     </span>
    </p>

    <p class='ocr_par' dir='ltr' id='par_1_3' title="bbox 189 812 1147 1299">
     <span class='ocr_line' id='line_1_6' title="bbox 234 812 1055 904; baseline -0.007 -18"><span class='ocrx_word' id='word_1_35' title='bbox 234 812 296 897; x_wconf 79' lang='grc' dir='ltr'><strong><em>Ὦς</em></strong></span> <span class='ocrx_word' id='word_1_36' title='bbox 311 815 421 904; x_wconf 78' lang='grc' dir='ltr'><strong><em>ἔφαθ’,</em></strong></span> <span class='ocrx_word' id='word_1_37' title='bbox 439 821 474 886; x_wconf 81' lang='grc' dir='ltr'><strong><em>ολ</em></strong></span> <span class='ocrx_word' id='word_1_38' title='bbox 491 813 523 886; x_wconf 85' lang='grc' dir='ltr'><strong><em>δ’</em></strong></span> <span class='ocrx_word' id='word_1_39' title='bbox 540 818 698 886; x_wconf 69' lang='grc' dir='ltr'><strong><em>ἐπίθοντο</em></strong></span> <span class='ocrx_word' id='word_1_40' title='bbox 715 813 863 885; x_wconf 82' lang='grc' dir='ltr'><strong><em>ποδιάκει</em></strong></span> <span class='ocrx_word' id='word_1_41' title='bbox 877 818 1055 900; x_wconf 80' lang='grc' dir='ltr'><strong><em>Πηλείωνι.</em></strong></span> 
     </span>
     <span class='ocr_line' id='line_1_7' title="bbox 190 911 1147 1002; baseline -0.001 -20"><span class='ocrx_word' id='word_1_42' title='bbox 190 917 400 1002; x_wconf 76' lang='grc' dir='ltr'><strong><em>πρῶτονμὲν</em></strong></span> <span class='ocrx_word' id='word_1_43' title='bbox 416 915 498 984; x_wconf 78' lang='grc' dir='ltr'><strong><em>κατὰ</em></strong></span> <span class='ocrx_word' id='word_1_44' title='bbox 516 911 685 1001; x_wconf 72' lang='grc' dir='ltr'><strong><em>πυρκαϊὴν</em></strong></span> <span class='ocrx_word' id='word_1_45' title='bbox 701 915 827 1000; x_wconf 78' lang='grc' dir='ltr'><strong><em>σβέσαν</em></strong></span> <span class='ocrx_word' id='word_1_46' title='bbox 842 921 963 980; x_wconf 79' lang='grc' dir='ltr'><strong><em>οιίθοπι</em></strong></span> <span class='ocrx_word' id='word_1_47' title='bbox 979 921 1073 1002; x_wconf 79' lang='grc' dir='ltr'><strong><em>οίνρι,</em></strong></span> <span class='ocrx_word' id='word_1_48' title='bbox 1096 927 1147 981; x_wconf 66' lang='grc' dir='ltr'><strong><em>θοι</em></strong></span> 
     </span>
     <span class='ocr_line' id='line_1_8' title="bbox 189 1006 1073 1100; baseline -0.007 -17"><span class='ocrx_word' id='word_1_49' title='bbox 189 1013 294 1083; x_wconf 81' lang='grc' dir='ltr'><strong><em>ὅσσον</em></strong></span> <span class='ocrx_word' id='word_1_50' title='bbox 310 1015 363 1084; x_wconf 85' lang='grc' dir='ltr'><strong><em>έιά</em></strong></span> <span class='ocrx_word' id='word_1_51' title='bbox 379 1012 463 1100; x_wconf 76' lang='grc' dir='ltr'><strong><em>φλὸξ</em></strong></span> <span class='ocrx_word' id='word_1_52' title='bbox 479 1006 576 1100; x_wconf 81' lang='grc' dir='ltr'><strong><em>ἦλθε,</em></strong></span> <span class='ocrx_word' id='word_1_53' title='bbox 594 1020 715 1100; x_wconf 76' lang='grc' dir='ltr'><strong><em>βαθεῖα</em></strong></span> <span class='ocrx_word' id='word_1_54' title='bbox 734 1009 769 1079; x_wconf 71' lang='grc' dir='ltr'><strong><em>δέ</em></strong></span> <span class='ocrx_word' id='word_1_55' title='bbox 785 1009 936 1080; x_wconf 82' lang='grc' dir='ltr'><strong><em>κάππεσε</em></strong></span> <span class='ocrx_word' id='word_1_56' title='bbox 950 1015 1073 1096; x_wconf 89' lang='grc' dir='ltr'><strong><em>τέφρη·</em></strong></span> 
     </span>
     <span class='ocr_line' id='line_1_9' title="bbox 189 1107 922 1198; baseline -0.003 -17"><span class='ocrx_word' id='word_1_57' title='bbox 189 1117 359 1192; x_wconf 84' lang='grc' dir='ltr'><strong><em>κλαίοντες</em></strong></span> <span class='ocrx_word' id='word_1_58' title='bbox 376 1109 408 1180; x_wconf 88' lang='grc' dir='ltr'><strong><em>δ’</em></strong></span> <span class='ocrx_word' id='word_1_59' title='bbox 426 1111 555 1198; x_wconf 76' lang='grc' dir='ltr'><strong><em>ἑτάροιο</em></strong></span> <span class='ocrx_word' id='word_1_60' title='bbox 573 1113 685 1198; x_wconf 88' lang='grc' dir='ltr'><strong><em>ένηέος</em></strong></span> <span class='ocrx_word' id='word_1_61' title='bbox 702 1108 799 1180; x_wconf 81' lang='grc' dir='ltr'><strong><em>ὀστέα</em></strong></span> <span class='ocrx_word' id='word_1_62' title='bbox 818 1107 922 1180; x_wconf 86' lang='grc' dir='ltr'><strong><em>λευκοὶ</em></strong></span> 
     </span>
     <span class='ocr_line' id='line_1_10' title="bbox 189 1207 1056 1299; baseline 0 -21"><span class='ocrx_word' id='word_1_63' title='bbox 189 1209 331 1296; x_wconf 75' lang='grc' dir='ltr'><strong><em>ἄλλεγον</em></strong></span> <span class='ocrx_word' id='word_1_64' title='bbox 346 1213 380 1290; x_wconf 67' lang='grc' dir='ltr'><strong><em>ές</em></strong></span> <span class='ocrx_word' id='word_1_65' title='bbox 397 1214 540 1299; x_wconf 70' lang='grc' dir='ltr'><strong><em>χρυσέην</em></strong></span> <span class='ocrx_word' id='word_1_66' title='bbox 556 1212 682 1298; x_wconf 89' lang='grc' dir='ltr'><strong><em>φιάλην</em></strong></span> <span class='ocrx_word' id='word_1_67' title='bbox 700 1211 756 1280; x_wconf 79' lang='grc' dir='ltr'><strong><em>καί</em></strong></span> <span class='ocrx_word' id='word_1_68' title='bbox 773 1214 918 1280; x_wconf 88' lang='grc' dir='ltr'><strong><em>δίπλακα</em></strong></span> <span class='ocrx_word' id='word_1_69' title='bbox 935 1207 1056 1297; x_wconf 81' lang='grc' dir='ltr'><strong><em>δημδν,</em></strong></span> 
     </span>
    </p>

    <p class='ocr_par' dir='ltr' id='par_1_4' title="bbox 172 1308 1149 2090">
     <span class='ocr_line' id='line_1_11' title="bbox 172 1308 943 1401; baseline 0 -24"><span class='ocrx_word' id='word_1_70' title='bbox 172 1378 175 1390; x_wconf 62' lang='grc'><strong><em>,</em></strong></span> <span class='ocrx_word' id='word_1_71' title='bbox 189 1311 226 1378; x_wconf 92' lang='grc' dir='ltr'><strong><em>έν</em></strong></span> <span class='ocrx_word' id='word_1_72' title='bbox 243 1318 386 1400; x_wconf 83' lang='grc' dir='ltr'><strong><em>κλισίησι</em></strong></span> <span class='ocrx_word' id='word_1_73' title='bbox 404 1311 440 1380; x_wconf 74' lang='grc' dir='ltr'><strong><em>δέ</em></strong></span> <span class='ocrx_word' id='word_1_74' title='bbox 453 1312 571 1390; x_wconf 78' lang='grc' dir='ltr'><strong><em>θέντες</em></strong></span> <span class='ocrx_word' id='word_1_75' title='bbox 587 1313 675 1401; x_wconf 74' lang='grc' dir='ltr'><strong><em>ἑανῷ</em></strong></span> <span class='ocrx_word' id='word_1_76' title='bbox 690 1311 754 1380; x_wconf 75' lang='grc' dir='ltr'><strong><em>λιτὶ</em></strong></span> <span class='ocrx_word' id='word_1_77' title='bbox 770 1308 943 1391; x_wconf 74' lang='grc' dir='ltr'><strong><em>κάλυψαν·</em></strong></span> 
     </span>
     <span class='ocr_line' id='line_1_12' title="bbox 187 1407 1149 1498; baseline 0.003 -22"><span class='ocrx_word' id='word_1_78' title='bbox 187 1407 400 1494; x_wconf 83' lang='grc' dir='ltr'><strong><em>τορνοέσαντο</em></strong></span> <span class='ocrx_word' id='word_1_79' title='bbox 418 1411 454 1480; x_wconf 73' lang='grc' dir='ltr'><strong><em>δέ</em></strong></span> <span class='ocrx_word' id='word_1_80' title='bbox 471 1413 560 1498; x_wconf 83' lang='grc' dir='ltr'><strong><em>σῆμα</em></strong></span> <span class='ocrx_word' id='word_1_81' title='bbox 576 1411 729 1496; x_wconf 79' lang='grc' dir='ltr'><strong><em>θεμείλιά</em></strong></span> <span class='ocrx_word' id='word_1_82' title='bbox 744 1434 780 1478; x_wconf 89' lang='grc' dir='ltr'><strong><em>τε</em></strong></span> <span class='ocrx_word' id='word_1_83' title='bbox 797 1409 1010 1498; x_wconf 72' lang='grc' dir='ltr'><strong><em>προβάλοντο</em></strong></span> <span class='ocrx_word' id='word_1_84' title='bbox 1096 1423 1149 1478; x_wconf 76' lang='lat'><strong><em>255</em></strong></span> 
     </span>
     <span class='ocr_line' id='line_1_13' title="bbox 189 1506 1049 1597; baseline 0 -21"><span class='ocrx_word' id='word_1_85' title='bbox 189 1507 273 1594; x_wconf 77' lang='grc' dir='ltr'><strong><em>ἀμφὶ</em></strong></span> <span class='ocrx_word' id='word_1_86' title='bbox 291 1508 418 1596; x_wconf 90' lang='grc' dir='ltr'><strong><em>πυρήν·</em></strong></span> <span class='ocrx_word' id='word_1_87' title='bbox 441 1508 538 1597; x_wconf 79' lang='grc' dir='ltr'><strong><em>εδθαρ</em></strong></span> <span class='ocrx_word' id='word_1_88' title='bbox 557 1507 593 1578; x_wconf 71' lang='grc' dir='ltr'><strong><em>δέ</em></strong></span> <span class='ocrx_word' id='word_1_89' title='bbox 609 1506 713 1596; x_wconf 86' lang='grc' dir='ltr'><strong><em>χυτήν</em></strong></span> <span class='ocrx_word' id='word_1_90' title='bbox 732 1510 784 1576; x_wconf 80' lang='grc' dir='ltr'><strong><em>έπί</em></strong></span> <span class='ocrx_word' id='word_1_91' title='bbox 801 1521 903 1594; x_wconf 80' lang='grc' dir='ltr'><strong><em>γαῖαν</em></strong></span> <span class='ocrx_word' id='word_1_92' title='bbox 919 1514 1049 1595; x_wconf 82' lang='grc' dir='ltr'><strong><em>ἔχευαν.</em></strong></span> 
     </span>
     <span class='ocr_line' id='line_1_14' title="bbox 188 1602 1098 1694; baseline -0.002 -18"><span class='ocrx_word' id='word_1_93' title='bbox 188 1608 342 1694; x_wconf 79' lang='grc' dir='ltr'><strong><em>χεύαντες</em></strong></span> <span class='ocrx_word' id='word_1_94' title='bbox 359 1608 396 1678; x_wconf 68' lang='grc' dir='ltr'><strong><em>δὲ</em></strong></span> <span class='ocrx_word' id='word_1_95' title='bbox 413 1605 450 1676; x_wconf 85' lang='grc' dir='ltr'><strong><em>τὸ</em></strong></span> <span class='ocrx_word' id='word_1_96' title='bbox 468 1616 557 1694; x_wconf 82' lang='grc' dir='ltr'><strong><em>σῆμα</em></strong></span> <span class='ocrx_word' id='word_1_97' title='bbox 573 1608 675 1676; x_wconf 79' lang='grc' dir='ltr'><strong><em>πάλιν</em></strong></span> <span class='ocrx_word' id='word_1_98' title='bbox 690 1613 774 1676; x_wconf 84' lang='grc' dir='ltr'><strong><em>κίον.</em></strong></span> <span class='ocrx_word' id='word_1_99' title='bbox 808 1603 915 1694; x_wconf 83' lang='grc' dir='ltr'><strong><em>αύτάρ</em></strong></span> <span class='ocrx_word' id='word_1_100' title='bbox 930 1602 1098 1693; x_wconf 74' lang='grc' dir='ltr'><strong><em>Ἀχιλλεύς</em></strong></span> 
     </span>
     <span class='ocr_line' id='line_1_15' title="bbox 188 1703 971 1794; baseline 0 -21"><span class='ocrx_word' id='word_1_101' title='bbox 188 1713 293 1774; x_wconf 86' lang='grc' dir='ltr'><strong><em>αυτοῦ</em></strong></span> <span class='ocrx_word' id='word_1_102' title='bbox 308 1704 391 1774; x_wconf 89' lang='grc' dir='ltr'><strong><em>λαδν</em></strong></span> <span class='ocrx_word' id='word_1_103' title='bbox 407 1711 505 1794; x_wconf 85' lang='grc' dir='ltr'><strong><em>έρυκε</em></strong></span> <span class='ocrx_word' id='word_1_104' title='bbox 521 1708 576 1776; x_wconf 80' lang='grc' dir='ltr'><strong><em>καί</em></strong></span> <span class='ocrx_word' id='word_1_105' title='bbox 592 1711 704 1788; x_wconf 74' lang='grc' dir='ltr'><strong><em>ἵζανεν</em></strong></span> <span class='ocrx_word' id='word_1_106' title='bbox 720 1703 826 1794; x_wconf 83' lang='grc' dir='ltr'><strong><em>εύρύν</em></strong></span> <span class='ocrx_word' id='word_1_107' title='bbox 842 1705 971 1791; x_wconf 77' lang='grc' dir='ltr'><strong><em>ἀγῶνα,</em></strong></span> 
     </span>
     <span class='ocr_line' id='line_1_16' title="bbox 189 1803 1043 1894; baseline 0 -22"><span class='ocrx_word' id='word_1_108' title='bbox 189 1812 282 1892; x_wconf 76' lang='grc' dir='ltr'><strong><em>νηῶν</em></strong></span> <span class='ocrx_word' id='word_1_109' title='bbox 300 1804 332 1876; x_wconf 87' lang='grc' dir='ltr'><strong><em>δ’</em></strong></span> <span class='ocrx_word' id='word_1_110' title='bbox 351 1803 460 1892; x_wconf 78' lang='grc' dir='ltr'><strong><em>ἔκφερ’</em></strong></span> <span class='ocrx_word' id='word_1_111' title='bbox 479 1806 597 1894; x_wconf 87' lang='grc' dir='ltr'><strong><em>ἀεθλα,</em></strong></span> <span class='ocrx_word' id='word_1_112' title='bbox 616 1803 754 1894; x_wconf 87' lang='grc' dir='ltr'><strong><em>λέβητάς</em></strong></span> <span class='ocrx_word' id='word_1_113' title='bbox 770 1829 806 1873; x_wconf 90' lang='grc' dir='ltr'><strong><em>τε</em></strong></span> <span class='ocrx_word' id='word_1_114' title='bbox 821 1804 984 1889; x_wconf 82' lang='grc' dir='ltr'><strong><em>τρίποδάς</em></strong></span> <span class='ocrx_word' id='word_1_115' title='bbox 997 1830 1043 1890; x_wconf 91' lang='grc' dir='ltr'><strong><em>τε,</em></strong></span> 
     </span>
     <span class='ocr_line' id='line_1_17' title="bbox 186 1900 1149 1992; baseline 0.004 -22"><span class='ocrx_word' id='word_1_116' title='bbox 186 1903 309 1983; x_wconf 77' lang='grc' dir='ltr'><strong><em>ἵππους</em></strong></span> <span class='ocrx_word' id='word_1_117' title='bbox 324 1901 358 1974; x_wconf 86' lang='grc' dir='ltr'><strong><em>θ’</em></strong></span> <span class='ocrx_word' id='word_1_118' title='bbox 375 1900 536 1992; x_wconf 78' lang='grc' dir='ltr'><strong><em>ἡμιόνους</em></strong></span> <span class='ocrx_word' id='word_1_119' title='bbox 551 1931 587 1973; x_wconf 87' lang='grc' dir='ltr'><strong><em>τε</em></strong></span> <span class='ocrx_word' id='word_1_120' title='bbox 603 1912 696 1992; x_wconf 69' lang='grc' dir='ltr'><strong><em>βοοῖν</em></strong></span> <span class='ocrx_word' id='word_1_121' title='bbox 711 1900 737 1972; x_wconf 83' lang='grc' dir='ltr'><strong><em>τ’</em></strong></span> <span class='ocrx_word' id='word_1_122' title='bbox 755 1913 883 1991; x_wconf 87' lang='grc' dir='ltr'><strong><em>ίφθιμα</em></strong></span> <span class='ocrx_word' id='word_1_123' title='bbox 896 1903 1039 1991; x_wconf 85' lang='grc' dir='ltr'><strong><em>κάρηνα,</em></strong></span> <span class='ocrx_word' id='word_1_124' title='bbox 1095 1919 1149 1974; x_wconf 65' lang='grc' dir='ltr'><strong><em>μου</em></strong></span> 
     </span>
     <span class='ocr_line' id='line_1_18' title="bbox 189 1999 969 2090; baseline 0.003 -20"><span class='ocrx_word' id='word_1_125' title='bbox 189 1999 246 2087; x_wconf 71' lang='grc' dir='ltr'><strong><em>ήδδ</em></strong></span> <span class='ocrx_word' id='word_1_126' title='bbox 262 2015 425 2088; x_wconf 68' lang='grc' dir='ltr'><strong><em>γυναῖκας</em></strong></span> <span class='ocrx_word' id='word_1_127' title='bbox 440 2003 614 2090; x_wconf 71' lang='grc' dir='ltr'><strong><em>έύζύνους,</em></strong></span> <span class='ocrx_word' id='word_1_128' title='bbox 632 2003 752 2074; x_wconf 83' lang='grc' dir='ltr'><strong><em>πολιόν</em></strong></span> <span class='ocrx_word' id='word_1_129' title='bbox 768 2028 803 2072; x_wconf 91' lang='grc' dir='ltr'><strong><em>τε</em></strong></span> <span class='ocrx_word' id='word_1_130' title='bbox 820 2007 969 2090; x_wconf 84' lang='grc' dir='ltr'><strong><em>σίδηρον.</em></strong></span> 
     </span>
    </p>

    <p class='ocr_par' dir='ltr' id='par_1_5' title="bbox 53 2098 1224 3080">
     <span class='ocr_line' id='line_1_19' title="bbox 53 2098 1063 2190; baseline 0.004 -21"><span class='ocrx_word' id='word_1_131' title='bbox 53 2105 57 2114; x_wconf 90' lang='grc'><strong>’</strong></span> <span class='ocrx_word' id='word_1_132' title='bbox 234 2098 404 2172; x_wconf 84' lang='grc' dir='ltr'><strong><em>Ἱππεῦσιν</em></strong></span> <span class='ocrx_word' id='word_1_133' title='bbox 419 2102 481 2190; x_wconf 74' lang='grc' dir='ltr'><strong><em>μέν</em></strong></span> <span class='ocrx_word' id='word_1_134' title='bbox 497 2111 612 2188; x_wconf 82' lang='grc' dir='ltr'><strong><em>πρύτα</em></strong></span> <span class='ocrx_word' id='word_1_135' title='bbox 628 2102 816 2172; x_wconf 71' lang='grc' dir='ltr'><strong><em>ποδώκεσιν</em></strong></span> <span class='ocrx_word' id='word_1_136' title='bbox 833 2099 931 2188; x_wconf 89' lang='grc' dir='ltr'><strong><em>ἀγλά’</em></strong></span> <span class='ocrx_word' id='word_1_137' title='bbox 953 2100 1063 2172; x_wconf 86' lang='grc' dir='ltr'><strong><em>ἀεθλα</em></strong></span> 
     </span>
     <span class='ocr_line' id='line_1_20' title="bbox 186 2199 991 2289; baseline 0.004 -21"><span class='ocrx_word' id='word_1_138' title='bbox 186 2206 272 2287; x_wconf 84' lang='grc' dir='ltr'><strong><em>θήκε</em></strong></span> <span class='ocrx_word' id='word_1_139' title='bbox 286 2214 430 2287; x_wconf 74' lang='grc' dir='ltr'><strong><em>γυναῖκα</em></strong></span> <span class='ocrx_word' id='word_1_140' title='bbox 447 2203 589 2288; x_wconf 80' lang='grc' dir='ltr'><strong><em>ἄγεσθαι</em></strong></span> <span class='ocrx_word' id='word_1_141' title='bbox 605 2199 761 2289; x_wconf 89' lang='grc' dir='ltr'><strong><em>ἀμύμονα</em></strong></span> <span class='ocrx_word' id='word_1_142' title='bbox 777 2207 859 2289; x_wconf 76' lang='grc' dir='ltr'><strong><em>ἔργα</em></strong></span> <span class='ocrx_word' id='word_1_143' title='bbox 878 2206 991 2272; x_wconf 78' lang='grc' dir='ltr'><strong><em>ἰδυῖαν</em></strong></span> 
     </span>
     <span class='ocr_line' id='line_1_21' title="bbox 186 2297 937 2389; baseline 0.007 -24"><span class='ocrx_word' id='word_1_144' title='bbox 186 2299 241 2366; x_wconf 82' lang='grc' dir='ltr'><strong><em>καὶ</em></strong></span> <span class='ocrx_word' id='word_1_145' title='bbox 257 2298 387 2383; x_wconf 86' lang='grc' dir='ltr'><strong><em>τρίποδ’</em></strong></span> <span class='ocrx_word' id='word_1_146' title='bbox 405 2297 556 2370; x_wconf 83' lang='grc' dir='ltr'><strong><em>ἀτύεντα</em></strong></span> <span class='ocrx_word' id='word_1_147' title='bbox 572 2304 937 2389; x_wconf 82' lang='grc' dir='ltr'><strong><em>δυωκαιεικοσίμετρον,</em></strong></span> 
     </span>
     <span class='ocr_line' id='line_1_22' title="bbox 185 2393 1145 2492; baseline 0.008 -28"><span class='ocrx_word' id='word_1_148' title='bbox 185 2403 231 2484; x_wconf 79' lang='grc' dir='ltr'><strong><em>τῷ</em></strong></span> <span class='ocrx_word' id='word_1_149' title='bbox 248 2397 383 2486; x_wconf 84' lang='grc' dir='ltr'><strong><em>πρύτφ·</em></strong></span> <span class='ocrx_word' id='word_1_150' title='bbox 400 2397 484 2486; x_wconf 88' lang='grc' dir='ltr'><strong><em>άτάρ</em></strong></span> <span class='ocrx_word' id='word_1_151' title='bbox 501 2393 607 2490; x_wconf 78' lang='grc' dir='ltr'><strong><em>αύτῷ</em></strong></span> <span class='ocrx_word' id='word_1_152' title='bbox 625 2403 769 2492; x_wconf 86' lang='grc' dir='ltr'><strong><em>δευτέρφ</em></strong></span> <span class='ocrx_word' id='word_1_153' title='bbox 786 2405 889 2470; x_wconf 74' lang='grc' dir='ltr'><strong><em>ἵππον</em></strong></span> <span class='ocrx_word' id='word_1_154' title='bbox 906 2407 1031 2489; x_wconf 82' lang='grc' dir='ltr'><strong><em>έθηκεν</em></strong></span> <span class='ocrx_word' id='word_1_155' title='bbox 1094 2417 1145 2471; x_wconf 72' lang='lat'><strong><em>²⁶5</em></strong></span> 
     </span>
     <span class='ocr_line' id='line_1_23' title="bbox 187 2491 969 2587; baseline 0.013 -26"><span class='ocrx_word' id='word_1_156' title='bbox 187 2493 278 2573; x_wconf 73' lang='grc' dir='ltr'><strong><em>ἑξέτε’</em></strong></span> <span class='ocrx_word' id='word_1_157' title='bbox 307 2491 468 2584; x_wconf 88' lang='grc' dir='ltr'><strong><em>ἀδμήτην,</em></strong></span> <span class='ocrx_word' id='word_1_158' title='bbox 487 2503 611 2586; x_wconf 87' lang='grc' dir='ltr'><strong><em>βρέφος</em></strong></span> <span class='ocrx_word' id='word_1_159' title='bbox 626 2497 767 2587; x_wconf 85' lang='grc' dir='ltr'><strong><em>ήμίουον</em></strong></span> <span class='ocrx_word' id='word_1_160' title='bbox 783 2501 969 2571; x_wconf 87' lang='grc' dir='ltr'><strong><em>κυέουσαν·</em></strong></span> 
     </span>
     <span class='ocr_line' id='line_1_24' title="bbox 186 2590 979 2687; baseline 0.011 -28"><span class='ocrx_word' id='word_1_161' title='bbox 186 2590 293 2678; x_wconf 86' lang='grc' dir='ltr'><strong><em>αύτάρ</em></strong></span> <span class='ocrx_word' id='word_1_162' title='bbox 309 2601 357 2684; x_wconf 74' lang='grc' dir='ltr'><strong><em>τῷ</em></strong></span> <span class='ocrx_word' id='word_1_163' title='bbox 371 2597 510 2685; x_wconf 77' lang='grc' dir='ltr'><strong><em>τριτάτῳ</em></strong></span> <span class='ocrx_word' id='word_1_164' title='bbox 527 2597 659 2686; x_wconf 84' lang='grc' dir='ltr'><strong><em>ἀπνρον</em></strong></span> <span class='ocrx_word' id='word_1_165' title='bbox 674 2602 839 2687; x_wconf 76' lang='grc' dir='ltr'><strong><em>κατέθηκε</em></strong></span> <span class='ocrx_word' id='word_1_166' title='bbox 856 2601 979 2687; x_wconf 88' lang='grc' dir='ltr'><strong><em>λέβητα</em></strong></span> 
     </span>
     <span class='ocr_line' id='line_1_25' title="bbox 185 2695 1145 2786; baseline 0.011 -29"><span class='ocrx_word' id='word_1_167' title='bbox 185 2697 300 2778; x_wconf 88' lang='grc' dir='ltr'><strong><em>καλου,</em></strong></span> <span class='ocrx_word' id='word_1_168' title='bbox 323 2695 465 2777; x_wconf 81' lang='grc' dir='ltr'><strong><em>τέσσαρα</em></strong></span> <span class='ocrx_word' id='word_1_169' title='bbox 480 2698 583 2780; x_wconf 83' lang='grc' dir='ltr'><strong><em>μέτρα</em></strong></span> <span class='ocrx_word' id='word_1_170' title='bbox 598 2698 792 2786; x_wconf 81' lang='grc' dir='ltr'><strong><em>κεχανδότα,</em></strong></span> <span class='ocrx_word' id='word_1_171' title='bbox 816 2697 941 2768; x_wconf 81' lang='grc' dir='ltr'><strong><em>λευκὸν</em></strong></span> <span class='ocrx_word' id='word_1_172' title='bbox 958 2697 1001 2768; x_wconf 73' lang='grc' dir='ltr'><strong><em>ἔτ’</em></strong></span> <span class='ocrx_word' id='word_1_173' title='bbox 1018 2699 1145 2779; x_wconf 80' lang='grc' dir='ltr'><strong><em>αὕτως·</em></strong></span> 
     </span>
     <span class='ocr_line' id='line_1_26' title="bbox 186 2788 959 2885; baseline 0.017 -31"><span class='ocrx_word' id='word_1_174' title='bbox 186 2794 231 2876; x_wconf 76' lang='grc' dir='ltr'><strong><em>τῷ</em></strong></span> <span class='ocrx_word' id='word_1_175' title='bbox 249 2788 285 2857; x_wconf 73' lang='grc' dir='ltr'><strong><em>δέ</em></strong></span> <span class='ocrx_word' id='word_1_176' title='bbox 300 2788 443 2880; x_wconf 84' lang='grc' dir='ltr'><strong><em>τετάρτφ</em></strong></span> <span class='ocrx_word' id='word_1_177' title='bbox 458 2800 544 2880; x_wconf 81' lang='grc' dir='ltr'><strong><em>θῆκε</em></strong></span> <span class='ocrx_word' id='word_1_178' title='bbox 561 2795 632 2864; x_wconf 84' lang='grc' dir='ltr'><strong><em>δύο</em></strong></span> <span class='ocrx_word' id='word_1_179' title='bbox 648 2809 784 2884; x_wconf 73' lang='grc' dir='ltr'><strong><em>χρυσοῖο</em></strong></span> <span class='ocrx_word' id='word_1_180' title='bbox 802 2798 959 2885; x_wconf 88' lang='grc' dir='ltr'><strong><em>τάλαντα,</em></strong></span> 
     </span>
     <span class='ocr_line' id='line_1_27' title="bbox 185 2885 1145 2988; baseline 0.017 -36"><span class='ocrx_word' id='word_1_181' title='bbox 185 2888 320 2974; x_wconf 85' lang='grc' dir='ltr'><strong><em>πέμπτφ</em></strong></span> <span class='ocrx_word' id='word_1_182' title='bbox 339 2885 370 2955; x_wconf 90' lang='grc' dir='ltr'><strong><em>δ’</em></strong></span> <span class='ocrx_word' id='word_1_183' title='bbox 389 2886 576 2976; x_wconf 79' lang='grc' dir='ltr'><strong><em>ἀμφίθετον</em></strong></span> <span class='ocrx_word' id='word_1_184' title='bbox 592 2892 717 2988; x_wconf 88' lang='grc' dir='ltr'><strong><em>φιάλην</em></strong></span> <span class='ocrx_word' id='word_1_185' title='bbox 734 2891 915 2980; x_wconf 80' lang='grc' dir='ltr'><strong><em>ἀπύρωτον</em></strong></span> <span class='ocrx_word' id='word_1_186' title='bbox 932 2902 1071 2984; x_wconf 80' lang='grc' dir='ltr'><strong><em>έθηκεν.</em></strong></span> <span class='ocrx_word' id='word_1_187' title='bbox 1095 2913 1145 2971; x_wconf 72' lang='grc' dir='ltr'><strong><em>θλο</em></strong></span> 
     </span>
     <span class='ocr_line' id='line_1_28' title="bbox 186 2983 1224 3080; baseline 0.014 -30"><span class='ocrx_word' id='word_1_188' title='bbox 186 2991 245 3070; x_wconf 84' lang='grc' dir='ltr'><strong><em>στῆ</em></strong></span> <span class='ocrx_word' id='word_1_189' title='bbox 263 2983 295 3052; x_wconf 87' lang='grc' dir='ltr'><strong><em>δ’</em></strong></span> <span class='ocrx_word' id='word_1_190' title='bbox 314 2983 420 3074; x_wconf 83' lang='grc' dir='ltr'><strong><em>ὀρθὸς</em></strong></span> <span class='ocrx_word' id='word_1_191' title='bbox 436 2992 492 3060; x_wconf 81' lang='grc' dir='ltr'><strong><em>καί</em></strong></span> <span class='ocrx_word' id='word_1_192' title='bbox 508 2999 624 3080; x_wconf 81' lang='grc' dir='ltr'><strong><em>μῦθον</em></strong></span> <span class='ocrx_word' id='word_1_193' title='bbox 640 2995 678 3064; x_wconf 86' lang='grc' dir='ltr'><strong><em>έν</em></strong></span> <span class='ocrx_word' id='word_1_194' title='bbox 692 2991 890 3080; x_wconf 78' lang='grc' dir='ltr'><strong><em>Ἀργείοισιν</em></strong></span> <span class='ocrx_word' id='word_1_195' title='bbox 907 2999 1019 3064; x_wconf 75' lang='grc' dir='ltr'><strong><em>ἔειπεν</em></strong></span> <span class='ocrx_word' id='word_1_196' title='bbox 1223 2997 1224 3020; x_wconf 63' lang='lat'><em>³</em></span> 
     </span>
    </p>

    <p class='ocr_par' dir='ltr' id='par_1_6' title="bbox 185 3079 1005 3378">
     <span class='ocr_line' id='line_1_29' title="bbox 227 3079 991 3182; baseline 0.02 -34"><span class='ocrx_word' id='word_1_197' title='bbox 227 3079 392 3173; x_wconf 63' lang='grc' dir='ltr'><strong><em>,Ἀτρείδη</em></strong></span> <span class='ocrx_word' id='word_1_198' title='bbox 412 3113 447 3155; x_wconf 87' lang='grc' dir='ltr'><strong><em>τε</em></strong></span> <span class='ocrx_word' id='word_1_199' title='bbox 463 3090 519 3158; x_wconf 78' lang='grc' dir='ltr'><strong><em>καὶ</em></strong></span> <span class='ocrx_word' id='word_1_200' title='bbox 535 3089 631 3160; x_wconf 85' lang='grc' dir='ltr'><strong><em>ἀλλοι</em></strong></span> <span class='ocrx_word' id='word_1_201' title='bbox 648 3091 845 3178; x_wconf 73' lang='grc' dir='ltr'><strong><em>έίλινήμιδες</em></strong></span> <span class='ocrx_word' id='word_1_202' title='bbox 857 3091 991 3182; x_wconf 72' lang='grc' dir='ltr'><strong><em>Ἀχαιοί,</em></strong></span> 
     </span>
     <span class='ocr_line' id='line_1_30' title="bbox 185 3181 1005 3279; baseline 0.021 -33"><span class='ocrx_word' id='word_1_203' title='bbox 185 3183 306 3267; x_wconf 74' lang='grc' dir='ltr'><strong><em>ἱππῆας</em></strong></span> <span class='ocrx_word' id='word_1_204' title='bbox 322 3181 395 3252; x_wconf 86' lang='grc' dir='ltr'><strong><em>τάδ’</em></strong></span> <span class='ocrx_word' id='word_1_205' title='bbox 415 3186 524 3258; x_wconf 83' lang='grc' dir='ltr'><strong><em>ἀεθλοι</em></strong></span> <span class='ocrx_word' id='word_1_206' title='bbox 541 3187 722 3278; x_wconf 74' lang='grc' dir='ltr'><strong><em>δεδεγμένα</em></strong></span> <span class='ocrx_word' id='word_1_207' title='bbox 740 3192 816 3262; x_wconf 76' lang='grc' dir='ltr'><strong><em>κείν’</em></strong></span> <span class='ocrx_word' id='word_1_208' title='bbox 835 3196 873 3262; x_wconf 83' lang='grc' dir='ltr'><strong><em>έν</em></strong></span> <span class='ocrx_word' id='word_1_209' title='bbox 890 3191 1005 3279; x_wconf 80' lang='grc' dir='ltr'><strong><em>ἀγῶνι.</em></strong></span> 
     </span>
     <span class='ocr_line' id='line_1_31' title="bbox 185 3278 932 3378; baseline 0.021 -35"><span class='ocrx_word' id='word_1_210' title='bbox 185 3283 215 3343; x_wconf 78' lang='grc' dir='ltr'><strong><em>εἰ</em></strong></span> <span class='ocrx_word' id='word_1_211' title='bbox 229 3278 291 3363; x_wconf 73' lang='grc' dir='ltr'><strong><em>μέν</em></strong></span> <span class='ocrx_word' id='word_1_212' title='bbox 307 3288 372 3348; x_wconf 85' lang='grc' dir='ltr'><strong><em>νῦν</em></strong></span> <span class='ocrx_word' id='word_1_213' title='bbox 389 3286 441 3353; x_wconf 79' lang='grc' dir='ltr'><strong><em>ἐπὶ</em></strong></span> <span class='ocrx_word' id='word_1_214' title='bbox 457 3286 546 3378; x_wconf 84' lang='grc' dir='ltr'><strong><em>ἀλλφ</em></strong></span> <span class='ocrx_word' id='word_1_215' title='bbox 565 3289 788 3378; x_wconf 88' lang='grc' dir='ltr'><strong><em>ἀεθλεύοιμεν</em></strong></span> <span class='ocrx_word' id='word_1_216' title='bbox 801 3287 932 3378; x_wconf 77' lang='grc' dir='ltr'><strong><em>Ἀχαιοί,</em></strong></span> 
     </span>
    </p>

    <p class='ocr_par' dir='ltr' id='par_1_7' title="bbox 185 3364 1145 3574">
     <span class='ocr_line' id='line_1_32' title="bbox 185 3364 1145 3491; baseline 0.015 -45"><span class='ocrx_word' id='word_1_217' title='bbox 185 3364 207 3454; x_wconf 81' lang='grc' dir='ltr'><strong><em>ἧ</em></strong></span> <span class='ocrx_word' id='word_1_218' title='bbox 222 3370 246 3438; x_wconf 68' lang='grc' dir='ltr'><strong><em>ἀ</em></strong></span> <span class='ocrx_word' id='word_1_219' title='bbox 259 3368 307 3491; x_wconf 54' lang='grc' dir='ltr'><strong><em>ἀι(</em></strong></span> <span class='ocrx_word' id='word_1_220' title='bbox 319 3377 384 3462; x_wconf 78' lang='grc' dir='ltr'><strong><em>έγύ</em></strong></span> <span class='ocrx_word' id='word_1_221' title='bbox 401 3381 441 3448; x_wconf 79' lang='grc' dir='ltr'><strong><em>τὰ</em></strong></span> <span class='ocrx_word' id='word_1_222' title='bbox 459 3392 573 3471; x_wconf 79' lang='grc' dir='ltr'><strong><em>πρῶτα</em></strong></span> <span class='ocrx_word' id='word_1_223' title='bbox 588 3388 704 3474; x_wconf 76' lang='grc' dir='ltr'><strong><em>λαβών</em></strong></span> <span class='ocrx_word' id='word_1_224' title='bbox 718 3392 889 3474; x_wconf 86' lang='grc' dir='ltr'><strong><em>κλισίηνδε</em></strong></span> <span class='ocrx_word' id='word_1_225' title='bbox 899 3395 1082 3478; x_wconf 87' lang='grc' dir='ltr'><strong><em>φεροίμην.</em></strong></span> <span class='ocrx_word' id='word_1_226' title='bbox 1095 3408 1145 3464; x_wconf 76' lang='lat'><strong><em>27⁵</em></strong></span> 
     </span>
     <span class='ocr_line' id='line_1_33' title="bbox 185 3471 1052 3574; baseline 0.02 -34"><span class='ocrx_word' id='word_1_227' title='bbox 185 3473 253 3532; x_wconf 71' lang='grc' dir='ltr'><strong><em>ἴστε</em></strong></span> <span class='ocrx_word' id='word_1_228' title='bbox 269 3493 333 3556; x_wconf 80' lang='grc' dir='ltr'><strong><em>γαρ</em></strong></span> <span class='ocrx_word' id='word_1_229' title='bbox 349 3471 454 3545; x_wconf 78' lang='grc' dir='ltr'><strong><em>ὅσσον</em></strong></span> <span class='ocrx_word' id='word_1_230' title='bbox 470 3483 542 3566; x_wconf 78' lang='grc' dir='ltr'><strong><em>έμολ</em></strong></span> <span class='ocrx_word' id='word_1_231' title='bbox 559 3482 662 3572; x_wconf 82' lang='grc' dir='ltr'><strong><em>ἀρετῇ</em></strong></span> <span class='ocrx_word' id='word_1_232' title='bbox 677 3486 919 3574; x_wconf 85' lang='grc' dir='ltr'><strong><em>περιβάλλετον</em></strong></span> <span class='ocrx_word' id='word_1_233' title='bbox 934 3490 1052 3558; x_wconf 81' lang='grc' dir='ltr'><strong><em>ἵπποι·</em></strong></span> 
     </span>
    </p>
   </div>
   <div class='ocr_carea' id='block_1_3' title="bbox 0 0 1240 3926">
    <p class='ocr_par' dir='ltr' id='par_1_8' title="bbox 0 0 1240 3926">
     <span class='ocr_line' id='line_1_34' title="bbox 0 0 1240 3926; baseline 0 2"><span class='ocrx_word' id='word_1_234' title='bbox 0 0 1240 3926; x_wconf 95' lang='lat' dir='ltr'><strong><em> </em></strong></span> 
     </span>
    </p>
   </div>
  </div>
 </body>
</html>
