<?xml version="1.0" encoding="UTF-8"?>
<!DOCTYPE html PUBLIC "-//W3C//DTD XHTML 1.0 Transitional//EN"
    "http://www.w3.org/TR/xhtml1/DTD/xhtml1-transitional.dtd">
<html xmlns="http://www.w3.org/1999/xhtml" xml:lang="en" lang="en">
 <head>
  <title>
</title>
<meta http-equiv="Content-Type" content="text/html;charset=utf-8" />
  <meta name='ocr-system' content='tesseract 3.04.00' />
  <meta name='ocr-capabilities' content='ocr_page ocr_carea ocr_par ocr_line ocrx_word'/>
</head>
<body>
  <div class='ocr_page' id='page_1' title='image "./homericarminaad01baumgoog_0481.png"; bbox 0 0 2438 3918; ppageno 0'>
   <div class='ocr_carea' id='block_1_1' title="bbox 183 245 805 328">
    <p class='ocr_par' dir='ltr' id='par_1_1' title="bbox 183 245 805 328">
     <span class='ocr_line' id='line_1_1' title="bbox 183 245 805 328; baseline -0.035 -4"><span class='ocrx_word' id='word_1_1' title='bbox 183 261 247 328; x_wconf 68' lang='lat'><strong><em>396</em></strong></span> <span class='ocrx_word' id='word_1_2' title='bbox 521 248 738 316; x_wconf 82' lang='grc' dir='ltr'><em>ΙΛΙΑΔΟΣ</em></span> <span class='ocrx_word' id='word_1_3' title='bbox 774 245 805 302; x_wconf 87' lang='grc' dir='ltr'><strong><em>Τ.</em></strong></span> 
     </span>
    </p>
   </div>
   <div class='ocr_carea' id='block_1_2' title="bbox 186 393 1144 618">
    <p class='ocr_par' dir='ltr' id='par_1_2' title="bbox 186 393 1144 618">
     <span class='ocr_line' id='line_1_2' title="bbox 186 393 1009 512; baseline -0.05 -13"><span class='ocrx_word' id='word_1_4' title='bbox 186 433 222 498; x_wconf 86' lang='grc' dir='ltr'><strong><em>έκ</em></strong></span> <span class='ocrx_word' id='word_1_5' title='bbox 238 424 271 495; x_wconf 90' lang='grc' dir='ltr'><strong><em>δ’</em></strong></span> <span class='ocrx_word' id='word_1_6' title='bbox 290 425 356 512; x_wconf 88' lang='grc' dir='ltr'><strong><em>άρα</em></strong></span> <span class='ocrx_word' id='word_1_7' title='bbox 372 422 530 510; x_wconf 88' lang='grc' dir='ltr'><strong><em>σόριγγος</em></strong></span> <span class='ocrx_word' id='word_1_8' title='bbox 547 409 716 497; x_wconf 83' lang='grc' dir='ltr'><strong><em>πατράίον</em></strong></span> <span class='ocrx_word' id='word_1_9' title='bbox 733 393 887 474; x_wconf 78' lang='grc' dir='ltr'><strong><em>ἐσπάσατ’</em></strong></span> <span class='ocrx_word' id='word_1_10' title='bbox 906 399 1009 482; x_wconf 79' lang='grc' dir='ltr'><strong><em>ἔγχος,</em></strong></span> 
     </span>
     <span class='ocr_line' id='line_1_3' title="bbox 188 483 1144 618; baseline -0.051 -19"><span class='ocrx_word' id='word_1_11' title='bbox 188 523 293 618; x_wconf 74' lang='grc' dir='ltr'><strong><em>βριλλδ</em></strong></span> <span class='ocrx_word' id='word_1_12' title='bbox 339 525 422 611; x_wconf 90' lang='grc' dir='ltr'><strong><em>μέγα</em></strong></span> <span class='ocrx_word' id='word_1_13' title='bbox 469 511 644 603; x_wconf 82' lang='grc' dir='ltr'><strong><em>στιβαρόν·</em></strong></span> <span class='ocrx_word' id='word_1_14' title='bbox 672 504 711 576; x_wconf 85' lang='grc' dir='ltr'><strong><em>τό</em></strong></span> <span class='ocrx_word' id='word_1_15' title='bbox 740 502 801 590; x_wconf 75' lang='grc' dir='ltr'><strong><em>μὲν</em></strong></span> <span class='ocrx_word' id='word_1_16' title='bbox 830 495 872 568; x_wconf 82' lang='grc' dir='ltr'><strong><em>οὐ</em></strong></span> <span class='ocrx_word' id='word_1_17' title='bbox 899 486 1016 564; x_wconf 83' lang='grc' dir='ltr'><strong><em>δύνατ’</em></strong></span> <span class='ocrx_word' id='word_1_18' title='bbox 1034 483 1144 562; x_wconf 83' lang='grc' dir='ltr'><strong><em>’ἀλλος</em></strong></span> 
     </span>
    </p>
   </div>
   <div class='ocr_carea' id='block_1_3' title="bbox 189 608 1169 3572">
    <p class='ocr_par' dir='ltr' id='par_1_3' title="bbox 189 608 1155 1803">
     <span class='ocr_line' id='line_1_4' title="bbox 683 608 820 692; baseline -0.044 -17"><span class='ocrx_word' id='word_1_19' title='bbox 683 608 820 692; x_wconf 82' lang='grc' dir='ltr'><strong><em>Αχαιεόν</em></strong></span> 
     </span>
     <span class='ocr_line' id='line_1_5' title="bbox 189 685 1086 810; baseline -0.048 -13"><span class='ocrx_word' id='word_1_20' title='bbox 189 725 340 810; x_wconf 75' lang='grc' dir='ltr'><em>πάλλειν,</em></span> <span class='ocrx_word' id='word_1_21' title='bbox 359 717 444 790; x_wconf 89' lang='grc' dir='ltr'><strong><em>άλλά</em></strong></span> <span class='ocrx_word' id='word_1_22' title='bbox 460 743 518 805; x_wconf 87' lang='grc' dir='ltr'><strong><em>μιν</em></strong></span> <span class='ocrx_word' id='word_1_23' title='bbox 535 711 605 790; x_wconf 84' lang='grc' dir='ltr'><strong><em>οίος</em></strong></span> <span class='ocrx_word' id='word_1_24' title='bbox 622 711 774 778; x_wconf 73' lang='grc' dir='ltr'><strong><em>ἐπίστατο</em></strong></span> <span class='ocrx_word' id='word_1_25' title='bbox 792 706 895 786; x_wconf 80' lang='grc' dir='ltr'><strong><em>πῆλαι</em></strong></span> <span class='ocrx_word' id='word_1_26' title='bbox 906 685 1086 780; x_wconf 79' lang='grc' dir='ltr'><strong><em>Ἀχιλλεὺς,</em></strong></span> 
     </span>
     <span class='ocr_line' id='line_1_6' title="bbox 190 795 1149 912; baseline -0.049 -15"><span class='ocrx_word' id='word_1_27' title='bbox 190 823 343 912; x_wconf 77' lang='grc' dir='ltr'><em>Πηλιάδα</em></span> <span class='ocrx_word' id='word_1_28' title='bbox 359 824 486 910; x_wconf 80' lang='grc' dir='ltr'><em>μελίην,</em></span> <span class='ocrx_word' id='word_1_29' title='bbox 501 812 564 902; x_wconf 90' lang='grc' dir='ltr'><strong><em>τὴν</em></strong></span> <span class='ocrx_word' id='word_1_30' title='bbox 579 809 677 896; x_wconf 85' lang='grc' dir='ltr'><strong><em>πατρί</em></strong></span> <span class='ocrx_word' id='word_1_31' title='bbox 694 809 781 892; x_wconf 85' lang='grc' dir='ltr'><strong><em>φίλφ</em></strong></span> <span class='ocrx_word' id='word_1_32' title='bbox 797 798 881 883; x_wconf 98' lang='grc' dir='ltr'><strong><em>πόρε</em></strong></span> <span class='ocrx_word' id='word_1_33' title='bbox 897 797 1030 874; x_wconf 86' lang='grc' dir='ltr'><strong><em>Χείρων</em></strong></span> <span class='ocrx_word' id='word_1_34' title='bbox 1099 795 1149 853; x_wconf 78' lang='lat'><strong><em>390</em></strong></span> 
     </span>
     <span class='ocr_line' id='line_1_7' title="bbox 191 891 1034 1012; baseline -0.05 -16"><span class='ocrx_word' id='word_1_35' title='bbox 191 930 321 1012; x_wconf 82' lang='grc' dir='ltr'><em>Πηλίου</em></span> <span class='ocrx_word' id='word_1_36' title='bbox 339 924 376 991; x_wconf 79' lang='grc' dir='ltr'><strong><em>ἐκ</em></strong></span> <span class='ocrx_word' id='word_1_37' title='bbox 392 921 556 1006; x_wconf 77' lang='grc' dir='ltr'><strong><em>κορυφῆς,</em></strong></span> <span class='ocrx_word' id='word_1_38' title='bbox 573 908 683 998; x_wconf 90' lang='grc' dir='ltr'><strong><em>φόνον</em></strong></span> <span class='ocrx_word' id='word_1_39' title='bbox 701 908 840 990; x_wconf 80' lang='grc' dir='ltr'><strong><em>ἔμμεναι</em></strong></span> <span class='ocrx_word' id='word_1_40' title='bbox 856 891 1034 982; x_wconf 85' lang='grc' dir='ltr'><strong><em>ἡράεσσιν.</em></strong></span> 
     </span>
     <span class='ocr_line' id='line_1_8' title="bbox 191 988 1123 1102; baseline -0.049 -8"><span class='ocrx_word' id='word_1_41' title='bbox 191 1028 314 1101; x_wconf 89' lang='grc' dir='ltr'><strong><em>ἵππους</em></strong></span> <span class='ocrx_word' id='word_1_42' title='bbox 332 1017 365 1088; x_wconf 92' lang='grc' dir='ltr'><strong><em>δ’</em></strong></span> <span class='ocrx_word' id='word_1_43' title='bbox 383 1015 588 1102; x_wconf 76' lang='grc' dir='ltr'><strong><em>Αὐτομέδων</em></strong></span> <span class='ocrx_word' id='word_1_44' title='bbox 605 1033 639 1076; x_wconf 91' lang='grc' dir='ltr'><strong><em>τε</em></strong></span> <span class='ocrx_word' id='word_1_45' title='bbox 657 1006 714 1073; x_wconf 83' lang='grc' dir='ltr'><strong><em>καί</em></strong></span> <span class='ocrx_word' id='word_1_46' title='bbox 725 1000 883 1083; x_wconf 71' lang='grc' dir='ltr'><strong><em>’Ἄλκιμος</em></strong></span> <span class='ocrx_word' id='word_1_47' title='bbox 899 988 1123 1078; x_wconf 76' lang='grc' dir='ltr'><strong><em>ἀμφιέποντες</em></strong></span> 
     </span>
     <span class='ocr_line' id='line_1_9' title="bbox 195 1076 1153 1208; baseline -0.045 -15"><span class='ocrx_word' id='word_1_48' title='bbox 195 1121 371 1208; x_wconf 74' lang='grc' dir='ltr'><strong><em>ζεύγνυον·</em></strong></span> <span class='ocrx_word' id='word_1_49' title='bbox 390 1115 476 1204; x_wconf 80' lang='grc' dir='ltr'><strong><em>ἀμφὶ</em></strong></span> <span class='ocrx_word' id='word_1_50' title='bbox 485 1114 521 1183; x_wconf 74' lang='grc' dir='ltr'><strong><em>δέ</em></strong></span> <span class='ocrx_word' id='word_1_51' title='bbox 531 1105 616 1180; x_wconf 83' lang='grc' dir='ltr'><strong><em>καλά</em></strong></span> <span class='ocrx_word' id='word_1_52' title='bbox 634 1095 767 1174; x_wconf 77' lang='grc' dir='ltr'><strong><em>λέπαδν’</em></strong></span> <span class='ocrx_word' id='word_1_53' title='bbox 785 1101 875 1180; x_wconf 83' lang='grc' dir='ltr'><strong><em>ἔσαν,</em></strong></span> <span class='ocrx_word' id='word_1_54' title='bbox 894 1093 931 1158; x_wconf 84' lang='grc' dir='ltr'><strong><em>έν</em></strong></span> <span class='ocrx_word' id='word_1_55' title='bbox 942 1089 979 1156; x_wconf 71' lang='grc' dir='ltr'><strong><em>δὲ</em></strong></span> <span class='ocrx_word' id='word_1_56' title='bbox 994 1076 1153 1172; x_wconf 70' lang='grc' dir='ltr'><strong><em>χαλινοὺς</em></strong></span> 
     </span>
     <span class='ocr_line' id='line_1_10' title="bbox 195 1187 1050 1309; baseline -0.048 -16"><span class='ocrx_word' id='word_1_57' title='bbox 195 1226 372 1309; x_wconf 76' lang='grc' dir='ltr'><strong><em>γαμφηλῇς</em></strong></span> <span class='ocrx_word' id='word_1_58' title='bbox 388 1222 519 1305; x_wconf 80' lang='grc' dir='ltr'><strong><em>ἔβαλον,</em></strong></span> <span class='ocrx_word' id='word_1_59' title='bbox 537 1204 620 1279; x_wconf 86' lang='grc' dir='ltr'><strong><em>κατά</em></strong></span> <span class='ocrx_word' id='word_1_60' title='bbox 641 1200 672 1274; x_wconf 89' lang='grc' dir='ltr'><strong><em>δ’</em></strong></span> <span class='ocrx_word' id='word_1_61' title='bbox 690 1198 769 1290; x_wconf 87' lang='grc' dir='ltr'><strong><em>ἡνία</em></strong></span> <span class='ocrx_word' id='word_1_62' title='bbox 787 1209 901 1264; x_wconf 86' lang='grc' dir='ltr'><strong><em>τείυαν</em></strong></span> <span class='ocrx_word' id='word_1_63' title='bbox 919 1187 1050 1258; x_wconf 81' lang='grc' dir='ltr'><strong><em>ὀπίσσω</em></strong></span> 
     </span>
     <span class='ocr_line' id='line_1_11' title="bbox 195 1285 1155 1408; baseline -0.048 -16"><span class='ocrx_word' id='word_1_64' title='bbox 195 1316 359 1408; x_wconf 87' lang='grc' dir='ltr'><strong><em>κολλητὸν</em></strong></span> <span class='ocrx_word' id='word_1_65' title='bbox 376 1316 451 1384; x_wconf 82' lang='grc' dir='ltr'><strong><em>ποτὶ</em></strong></span> <span class='ocrx_word' id='word_1_66' title='bbox 469 1318 599 1398; x_wconf 90' lang='grc' dir='ltr'><strong><em>δίφρον.</em></strong></span> <span class='ocrx_word' id='word_1_67' title='bbox 634 1303 652 1374; x_wconf 90' lang='grc' dir='ltr'>ὁ</span> <span class='ocrx_word' id='word_1_68' title='bbox 671 1302 707 1372; x_wconf 80' lang='grc' dir='ltr'><strong><em>δδ</em></strong></span> <span class='ocrx_word' id='word_1_69' title='bbox 723 1297 866 1388; x_wconf 86' lang='grc' dir='ltr'><strong><em>μάστιγα</em></strong></span> <span class='ocrx_word' id='word_1_70' title='bbox 883 1285 1030 1379; x_wconf 89' lang='grc' dir='ltr'><strong><em>φαειυὴυ</em></strong></span> <span class='ocrx_word' id='word_1_71' title='bbox 1107 1291 1155 1348; x_wconf 77' lang='grc'><strong><em>395</em></strong></span> 
     </span>
     <span class='ocr_line' id='line_1_12' title="bbox 196 1392 1026 1508; baseline -0.045 -18"><span class='ocrx_word' id='word_1_72' title='bbox 196 1421 279 1508; x_wconf 83' lang='grc' dir='ltr'><strong><em>χειρὶ</em></strong></span> <span class='ocrx_word' id='word_1_73' title='bbox 295 1413 411 1504; x_wconf 71' lang='grc' dir='ltr'><strong><em>λαβὼν</em></strong></span> <span class='ocrx_word' id='word_1_74' title='bbox 428 1411 595 1500; x_wconf 78' lang='grc' dir='ltr'><strong><em>ἀραρυῖαν</em></strong></span> <span class='ocrx_word' id='word_1_75' title='bbox 611 1401 660 1492; x_wconf 84' lang='grc' dir='ltr'><strong><em>ἐφ’</em></strong></span> <span class='ocrx_word' id='word_1_76' title='bbox 677 1405 808 1470; x_wconf 76' lang='grc' dir='ltr'><strong><em>ἵπποιιν</em></strong></span> <span class='ocrx_word' id='word_1_77' title='bbox 824 1392 1026 1480; x_wconf 90' lang='grc' dir='ltr'><strong><em>ἀνόρουσεν,</em></strong></span> 
     </span>
     <span class='ocr_line' id='line_1_13' title="bbox 198 1477 1137 1604; baseline -0.044 -15"><span class='ocrx_word' id='word_1_78' title='bbox 198 1516 416 1604; x_wconf 83' lang='grc' dir='ltr'><strong><em>Αὐτομέδων·</em></strong></span> <span class='ocrx_word' id='word_1_79' title='bbox 439 1508 561 1580; x_wconf 70' lang='grc' dir='ltr'><strong><em>ὄπιθεν</em></strong></span> <span class='ocrx_word' id='word_1_80' title='bbox 577 1507 613 1574; x_wconf 72' lang='grc' dir='ltr'><strong><em>δέ</em></strong></span> <span class='ocrx_word' id='word_1_81' title='bbox 630 1497 883 1589; x_wconf 76' lang='grc' dir='ltr'><strong><em>κορυσσάμενος</em></strong></span> <span class='ocrx_word' id='word_1_82' title='bbox 899 1496 942 1579; x_wconf 79' lang='grc' dir='ltr'><strong><em>βῆ</em></strong></span> <span class='ocrx_word' id='word_1_83' title='bbox 956 1477 1137 1574; x_wconf 73' lang='grc' dir='ltr'><strong><em>Ἀχιλλεὺς,</em></strong></span> 
     </span>
     <span class='ocr_line' id='line_1_14' title="bbox 198 1591 992 1704; baseline -0.042 -17"><span class='ocrx_word' id='word_1_84' title='bbox 198 1618 326 1704; x_wconf 84' lang='grc' dir='ltr'><strong><em>τεόχεσὶ</em></strong></span> <span class='ocrx_word' id='word_1_85' title='bbox 342 1615 547 1700; x_wconf 83' lang='grc' dir='ltr'><strong><em>παμφαίνων</em></strong></span> <span class='ocrx_word' id='word_1_86' title='bbox 565 1603 639 1674; x_wconf 58' lang='grc' dir='ltr'><strong><em>ὥστ’</em></strong></span> <span class='ocrx_word' id='word_1_87' title='bbox 657 1599 808 1689; x_wconf 80' lang='grc' dir='ltr'><strong><em>ἠλέκτωρ</em></strong></span> <span class='ocrx_word' id='word_1_88' title='bbox 819 1591 992 1676; x_wconf 68' lang='grc' dir='ltr'><strong><em>Ὑπερίων.</em></strong></span> 
     </span>
     <span class='ocr_line' id='line_1_15' title="bbox 199 1688 1017 1803; baseline -0.039 -17"><span class='ocrx_word' id='word_1_89' title='bbox 199 1713 404 1803; x_wconf 77' lang='grc' dir='ltr'><strong><em>σμερδαλέον</em></strong></span> <span class='ocrx_word' id='word_1_90' title='bbox 420 1709 452 1779; x_wconf 88' lang='grc' dir='ltr'><strong><em>δ’</em></strong></span> <span class='ocrx_word' id='word_1_91' title='bbox 470 1714 622 1778; x_wconf 87' lang='grc' dir='ltr'><strong><em>ἵπποισιν</em></strong></span> <span class='ocrx_word' id='word_1_92' title='bbox 638 1704 787 1772; x_wconf 82' lang='grc' dir='ltr'><strong><em>ἐκέκλετο</em></strong></span> <span class='ocrx_word' id='word_1_93' title='bbox 806 1688 931 1778; x_wconf 82' lang='grc' dir='ltr'><strong><em>πατρὸς</em></strong></span> <span class='ocrx_word' id='word_1_94' title='bbox 948 1689 1017 1758; x_wconf 80' lang='grc' dir='ltr'><strong><em>έοίο</em></strong></span> 
     </span>
    </p>

    <p class='ocr_par' dir='ltr' id='par_1_4' title="bbox 201 1783 1162 2198">
     <span class='ocr_line' id='line_1_16' title="bbox 240 1783 1160 1902; baseline -0.035 -20"><span class='ocrx_word' id='word_1_95' title='bbox 240 1811 384 1902; x_wconf 66' lang='grc' dir='ltr'><strong><em>,Ξάνθε</em></strong></span> <span class='ocrx_word' id='word_1_96' title='bbox 400 1835 436 1878; x_wconf 90' lang='grc' dir='ltr'><strong><em>τε</em></strong></span> <span class='ocrx_word' id='word_1_97' title='bbox 453 1811 508 1878; x_wconf 80' lang='grc' dir='ltr'><strong><em>καί</em></strong></span> <span class='ocrx_word' id='word_1_98' title='bbox 524 1809 635 1891; x_wconf 87' lang='grc' dir='ltr'><strong><em>Βαλίε,</em></strong></span> <span class='ocrx_word' id='word_1_99' title='bbox 651 1797 836 1888; x_wconf 81' lang='grc' dir='ltr'><strong><em>τηλεκλυτὰ</em></strong></span> <span class='ocrx_word' id='word_1_100' title='bbox 852 1796 955 1862; x_wconf 90' lang='grc' dir='ltr'><strong><em>τέκνα</em></strong></span> <span class='ocrx_word' id='word_1_101' title='bbox 970 1783 1160 1870; x_wconf 78' lang='grc' dir='ltr'><strong><em>Ποδάργης,</em></strong></span> 
     </span>
     <span class='ocr_line' id='line_1_17' title="bbox 201 1895 1162 1998; baseline -0.033 -16"><span class='ocrx_word' id='word_1_102' title='bbox 201 1913 309 1992; x_wconf 88' lang='grc' dir='ltr'><strong><em>άλλως</em></strong></span> <span class='ocrx_word' id='word_1_103' title='bbox 326 1908 366 1998; x_wconf 90' lang='grc' dir='ltr'><strong><em>δὴ</em></strong></span> <span class='ocrx_word' id='word_1_104' title='bbox 385 1909 553 1997; x_wconf 74' lang='grc' dir='ltr'><strong><em>φράζεσθε</em></strong></span> <span class='ocrx_word' id='word_1_105' title='bbox 571 1902 742 1988; x_wconf 75' lang='grc' dir='ltr'><strong><em>σαωσέμεν</em></strong></span> <span class='ocrx_word' id='word_1_106' title='bbox 761 1895 903 1984; x_wconf 80' lang='grc' dir='ltr'><strong><em>ἡνιοχῆα</em></strong></span> <span class='ocrx_word' id='word_1_107' title='bbox 1113 1898 1162 1952; x_wconf 83' lang='lat'><strong><em>401</em></strong></span> 
     </span>
     <span class='ocr_line' id='line_1_18' title="bbox 201 1992 1055 2094; baseline -0.032 -12"><span class='ocrx_word' id='word_1_108' title='bbox 201 2008 248 2093; x_wconf 78' lang='grc' dir='ltr'><strong><em>ἀεί</em></strong></span> <span class='ocrx_word' id='word_1_109' title='bbox 264 2017 413 2080; x_wconf 76' lang='grc' dir='ltr'><strong><em>Δαναόν</em></strong></span> <span class='ocrx_word' id='word_1_110' title='bbox 429 2013 463 2089; x_wconf 87' lang='grc' dir='ltr'><strong><em>ές</em></strong></span> <span class='ocrx_word' id='word_1_111' title='bbox 479 2007 608 2094; x_wconf 82' lang='grc' dir='ltr'><strong><em>ὅμιλον,</em></strong></span> <span class='ocrx_word' id='word_1_112' title='bbox 625 2005 697 2072; x_wconf 89' lang='grc' dir='ltr'><strong><em>έπεί</em></strong></span> <span class='ocrx_word' id='word_1_113' title='bbox 711 1997 738 2086; x_wconf 88' lang='grc' dir='ltr'><strong><em>χ’</em></strong></span> <span class='ocrx_word' id='word_1_114' title='bbox 757 2000 864 2083; x_wconf 80' lang='grc' dir='ltr'><strong><em>έεόμεν</em></strong></span> <span class='ocrx_word' id='word_1_115' title='bbox 880 1992 1055 2078; x_wconf 85' lang='grc' dir='ltr'><strong><em>πολέμοιο,</em></strong></span> 
     </span>
     <span class='ocr_line' id='line_1_19' title="bbox 201 2093 1033 2198; baseline -0.032 -16"><span class='ocrx_word' id='word_1_116' title='bbox 201 2109 280 2198; x_wconf 87' lang='grc' dir='ltr'><strong><em>μηδ’</em></strong></span> <span class='ocrx_word' id='word_1_117' title='bbox 298 2107 342 2190; x_wconf 80' lang='grc' dir='ltr'><strong><em>ὡς</em></strong></span> <span class='ocrx_word' id='word_1_118' title='bbox 358 2108 557 2194; x_wconf 89' lang='grc' dir='ltr'><strong><em>Πάτροκλον</em></strong></span> <span class='ocrx_word' id='word_1_119' title='bbox 572 2098 674 2174; x_wconf 89' lang='grc' dir='ltr'><strong><em>λίπετ’</em></strong></span> <span class='ocrx_word' id='word_1_120' title='bbox 693 2095 801 2166; x_wconf 80' lang='grc' dir='ltr'><strong><em>αὐτοῦ</em></strong></span> <span class='ocrx_word' id='word_1_121' title='bbox 817 2093 1033 2179; x_wconf 77' lang='grc' dir='ltr'><strong><em>τεθνηῶτα.“</em></strong></span> 
     </span>
    </p>

    <p class='ocr_par' dir='ltr' id='par_1_5' title="bbox 203 2187 1165 2588">
     <span class='ocr_line' id='line_1_20' title="bbox 247 2187 1165 2294; baseline -0.031 -17"><span class='ocrx_word' id='word_1_122' title='bbox 247 2205 315 2276; x_wconf 85' lang='grc' dir='ltr'><strong><em>Τόν</em></strong></span> <span class='ocrx_word' id='word_1_123' title='bbox 333 2205 363 2276; x_wconf 91' lang='grc' dir='ltr'><strong><em>δ’</em></strong></span> <span class='ocrx_word' id='word_1_124' title='bbox 381 2205 429 2294; x_wconf 78' lang='grc' dir='ltr'><strong><em>ἀρ’</em></strong></span> <span class='ocrx_word' id='word_1_125' title='bbox 440 2203 507 2273; x_wconf 79' lang='grc' dir='ltr'><strong><em>ὑπὸ</em></strong></span> <span class='ocrx_word' id='word_1_126' title='bbox 527 2202 648 2290; x_wconf 77' lang='grc' dir='ltr'><strong><em>ζυγόφι</em></strong></span> <span class='ocrx_word' id='word_1_127' title='bbox 659 2197 812 2288; x_wconf 81' lang='grc' dir='ltr'><strong><em>προσέφη</em></strong></span> <span class='ocrx_word' id='word_1_128' title='bbox 824 2193 931 2270; x_wconf 90' lang='grc' dir='ltr'><strong><em>πόδας</em></strong></span> <span class='ocrx_word' id='word_1_129' title='bbox 943 2189 1059 2266; x_wconf 86' lang='grc' dir='ltr'><strong><em>αίόλος</em></strong></span> <span class='ocrx_word' id='word_1_130' title='bbox 1068 2187 1165 2258; x_wconf 88' lang='grc' dir='ltr'><strong><em>ἵππος</em></strong></span> 
     </span>
     <span class='ocr_line' id='line_1_21' title="bbox 203 2289 1165 2392; baseline -0.031 -15"><span class='ocrx_word' id='word_1_131' title='bbox 203 2307 348 2392; x_wconf 72' lang='grc' dir='ltr'><strong><em>Ξάνθος,</em></strong></span> <span class='ocrx_word' id='word_1_132' title='bbox 366 2305 459 2392; x_wconf 88' lang='grc' dir='ltr'><strong><em>ἀφαρ</em></strong></span> <span class='ocrx_word' id='word_1_133' title='bbox 478 2301 511 2371; x_wconf 90' lang='grc' dir='ltr'><strong><em>δ’</em></strong></span> <span class='ocrx_word' id='word_1_134' title='bbox 528 2301 639 2391; x_wconf 82' lang='grc' dir='ltr'><strong><em>ἤμυσε</em></strong></span> <span class='ocrx_word' id='word_1_135' title='bbox 656 2296 812 2384; x_wconf 81' lang='grc' dir='ltr'><strong><em>καρήατι·</em></strong></span> <span class='ocrx_word' id='word_1_136' title='bbox 833 2297 924 2360; x_wconf 84' lang='grc' dir='ltr'><strong><em>πάσα</em></strong></span> <span class='ocrx_word' id='word_1_137' title='bbox 942 2290 980 2356; x_wconf 76' lang='grc' dir='ltr'><strong><em>δέ</em></strong></span> <span class='ocrx_word' id='word_1_138' title='bbox 997 2289 1094 2373; x_wconf 81' lang='grc' dir='ltr'><strong><em>χαίτη</em></strong></span> <span class='ocrx_word' id='word_1_139' title='bbox 1115 2293 1165 2348; x_wconf 75' lang='lat'><strong><em>405</em></strong></span> 
     </span>
     <span class='ocr_line' id='line_1_22' title="bbox 205 2383 1055 2489; baseline -0.033 -10"><span class='ocrx_word' id='word_1_140' title='bbox 205 2403 340 2489; x_wconf 73' lang='grc' dir='ltr'><strong><em>ζεύγλης</em></strong></span> <span class='ocrx_word' id='word_1_141' title='bbox 357 2405 553 2487; x_wconf 76' lang='grc' dir='ltr'><strong><em>ἐξεριποῦσα</em></strong></span> <span class='ocrx_word' id='word_1_142' title='bbox 569 2396 661 2485; x_wconf 83' lang='grc' dir='ltr'><strong><em>παρὰ</em></strong></span> <span class='ocrx_word' id='word_1_143' title='bbox 679 2395 783 2481; x_wconf 78' lang='grc' dir='ltr'><strong><em>ζυγὸν</em></strong></span> <span class='ocrx_word' id='word_1_144' title='bbox 798 2383 903 2468; x_wconf 81' lang='grc' dir='ltr'><strong><em>οὖδας</em></strong></span> <span class='ocrx_word' id='word_1_145' title='bbox 917 2393 1055 2456; x_wconf 86' lang='grc' dir='ltr'><strong><em>ἵκανεν·</em></strong></span> 
     </span>
     <span class='ocr_line' id='line_1_23' title="bbox 204 2485 971 2588; baseline -0.017 -20"><span class='ocrx_word' id='word_1_146' title='bbox 204 2499 370 2588; x_wconf 81' lang='grc' dir='ltr'><strong><em>αὐδήεντα</em></strong></span> <span class='ocrx_word' id='word_1_147' title='bbox 388 2499 419 2568; x_wconf 92' lang='grc' dir='ltr'><strong><em>δ’</em></strong></span> <span class='ocrx_word' id='word_1_148' title='bbox 438 2505 541 2586; x_wconf 81' lang='grc' dir='ltr'><strong><em>έθηκε</em></strong></span> <span class='ocrx_word' id='word_1_149' title='bbox 556 2495 622 2566; x_wconf 75' lang='grc' dir='ltr'><strong><em>δεδι</em></strong></span> <span class='ocrx_word' id='word_1_150' title='bbox 642 2493 852 2570; x_wconf 82' lang='grc' dir='ltr'><strong><em>λευκάλευος</em></strong></span> <span class='ocrx_word' id='word_1_151' title='bbox 865 2485 971 2573; x_wconf 86' lang='grc' dir='ltr'><strong><em>Ἥρη·</em></strong></span> 
     </span>
    </p>

    <p class='ocr_par' dir='ltr' id='par_1_6' title="bbox 205 2579 1169 3572">
     <span class='ocr_line' id='line_1_24' title="bbox 245 2579 1166 2687; baseline -0.028 -19"><span class='ocrx_word' id='word_1_152' title='bbox 245 2601 335 2687; x_wconf 63' lang='grc' dir='ltr'><strong><em>,Καὶ</em></strong></span> <span class='ocrx_word' id='word_1_153' title='bbox 347 2606 423 2684; x_wconf 93' lang='grc' dir='ltr'><strong><em>λίην</em></strong></span> <span class='ocrx_word' id='word_1_154' title='bbox 440 2595 470 2668; x_wconf 76' lang='grc' dir='ltr'><strong><em>ά</em></strong></span> <span class='ocrx_word' id='word_1_155' title='bbox 483 2603 531 2666; x_wconf 71' lang='grc' dir='ltr'><strong><em>ἔτι</em></strong></span> <span class='ocrx_word' id='word_1_156' title='bbox 544 2605 611 2665; x_wconf 81' lang='grc' dir='ltr'><strong><em>νῦν</em></strong></span> <span class='ocrx_word' id='word_1_157' title='bbox 626 2621 665 2682; x_wconf 93' lang='grc' dir='ltr'><strong><em>γε</em></strong></span> <span class='ocrx_word' id='word_1_158' title='bbox 677 2593 865 2677; x_wconf 83' lang='grc' dir='ltr'><strong><em>σαάσομεν,</em></strong></span> <span class='ocrx_word' id='word_1_159' title='bbox 878 2580 988 2674; x_wconf 81' lang='grc' dir='ltr'><strong><em>ὄβριμ’</em></strong></span> <span class='ocrx_word' id='word_1_160' title='bbox 1003 2579 1166 2667; x_wconf 84' lang='grc' dir='ltr'><strong><em>Ἀχιλλεῦ·</em></strong></span> 
     </span>
     <span class='ocr_line' id='line_1_25' title="bbox 205 2679 1105 2784; baseline -0.024 -16"><span class='ocrx_word' id='word_1_161' title='bbox 205 2698 290 2770; x_wconf 84' lang='grc' dir='ltr'><strong><em>ἀλλά</em></strong></span> <span class='ocrx_word' id='word_1_162' title='bbox 307 2725 359 2768; x_wconf 91' lang='grc' dir='ltr'><strong><em>τοι</em></strong></span> <span class='ocrx_word' id='word_1_163' title='bbox 376 2698 524 2784; x_wconf 78' lang='grc' dir='ltr'><strong><em>έγγόθεν</em></strong></span> <span class='ocrx_word' id='word_1_164' title='bbox 540 2689 630 2784; x_wconf 84' lang='grc' dir='ltr'><strong><em>ἡμαρ</em></strong></span> <span class='ocrx_word' id='word_1_165' title='bbox 647 2691 824 2778; x_wconf 80' lang='grc' dir='ltr'><strong><em>ὀλέθρων·</em></strong></span> <span class='ocrx_word' id='word_1_166' title='bbox 843 2683 925 2756; x_wconf 85' lang='grc' dir='ltr'><strong><em>οάδέ</em></strong></span> <span class='ocrx_word' id='word_1_167' title='bbox 940 2709 994 2752; x_wconf 91' lang='grc' dir='ltr'><strong><em>τοι</em></strong></span> <span class='ocrx_word' id='word_1_168' title='bbox 1009 2679 1105 2768; x_wconf 75' lang='grc' dir='ltr'><strong><em>ἡμεῖς</em></strong></span> 
     </span>
     <span class='ocr_line' id='line_1_26' title="bbox 206 2779 1168 2885; baseline -0.027 -17"><span class='ocrx_word' id='word_1_169' title='bbox 206 2809 313 2885; x_wconf 84' lang='grc' dir='ltr'><strong><em>αίτιοι,</em></strong></span> <span class='ocrx_word' id='word_1_170' title='bbox 332 2795 415 2867; x_wconf 82' lang='grc' dir='ltr'><strong><em>ἀλλὰ</em></strong></span> <span class='ocrx_word' id='word_1_171' title='bbox 433 2797 515 2876; x_wconf 78' lang='grc' dir='ltr'><strong><em>θεός</em></strong></span> <span class='ocrx_word' id='word_1_172' title='bbox 530 2821 567 2864; x_wconf 87' lang='grc' dir='ltr'><strong><em>τε</em></strong></span> <span class='ocrx_word' id='word_1_173' title='bbox 584 2797 685 2882; x_wconf 91' lang='grc' dir='ltr'><strong><em>μέγας</em></strong></span> <span class='ocrx_word' id='word_1_174' title='bbox 703 2792 761 2861; x_wconf 81' lang='grc' dir='ltr'><strong><em>καὶ</em></strong></span> <span class='ocrx_word' id='word_1_175' title='bbox 776 2796 894 2876; x_wconf 79' lang='grc' dir='ltr'><strong><em>Μοίρα</em></strong></span> <span class='ocrx_word' id='word_1_176' title='bbox 912 2779 1068 2871; x_wconf 79' lang='grc' dir='ltr'><strong><em>κραταιή.</em></strong></span> <span class='ocrx_word' id='word_1_177' title='bbox 1120 2789 1168 2844; x_wconf 80' lang='grc'><strong><em>410</em></strong></span> 
     </span>
     <span class='ocr_line' id='line_1_27' title="bbox 207 2890 990 2984; baseline -0.018 -19"><span class='ocrx_word' id='word_1_178' title='bbox 207 2896 285 2965; x_wconf 79' lang='grc' dir='ltr'><strong><em>οόδέ</em></strong></span> <span class='ocrx_word' id='word_1_179' title='bbox 301 2894 366 2982; x_wconf 85' lang='grc' dir='ltr'><strong><em>γάρ</em></strong></span> <span class='ocrx_word' id='word_1_180' title='bbox 383 2893 525 2984; x_wconf 87' lang='grc' dir='ltr'><strong><em>ἡμετέρη</em></strong></span> <span class='ocrx_word' id='word_1_181' title='bbox 543 2897 729 2982; x_wconf 76' lang='grc' dir='ltr'><strong><em>βραδυτῆτί</em></strong></span> <span class='ocrx_word' id='word_1_182' title='bbox 742 2916 778 2958; x_wconf 93' lang='grc' dir='ltr'><strong><em>τε</em></strong></span> <span class='ocrx_word' id='word_1_183' title='bbox 794 2890 937 2974; x_wconf 88' lang='grc' dir='ltr'><strong><em>νωχελίη</em></strong></span> <span class='ocrx_word' id='word_1_184' title='bbox 954 2909 990 2951; x_wconf 87' lang='grc' dir='ltr'><strong><em>τε</em></strong></span> 
     </span>
     <span class='ocr_line' id='line_1_28' title="bbox 210 2983 1025 3112; baseline -0.02 -47"><span class='ocrx_word' id='word_1_185' title='bbox 210 3003 321 3112; x_wconf 49' lang='grc' dir='ltr'><strong><em>Τρῶες</em></strong></span> <span class='ocrx_word' id='word_1_186' title='bbox 339 2993 392 3064; x_wconf 89' lang='grc' dir='ltr'><strong><em>ἀπ’</em></strong></span> <span class='ocrx_word' id='word_1_187' title='bbox 413 2995 531 3081; x_wconf 81' lang='grc' dir='ltr'><strong><em>άμοιιν</em></strong></span> <span class='ocrx_word' id='word_1_188' title='bbox 547 2993 749 3080; x_wconf 84' lang='grc' dir='ltr'><strong><em>Πατρόκλου</em></strong></span> <span class='ocrx_word' id='word_1_189' title='bbox 765 2983 870 3073; x_wconf 81' lang='grc' dir='ltr'><strong><em>τεύχε’</em></strong></span> <span class='ocrx_word' id='word_1_190' title='bbox 890 2989 1025 3056; x_wconf 76' lang='grc' dir='ltr'><strong><em>ἕλοντο·</em></strong></span> 
     </span>
     <span class='ocr_line' id='line_1_29' title="bbox 208 3079 1016 3179; baseline -0.014 -19"><span class='ocrx_word' id='word_1_191' title='bbox 208 3091 288 3161; x_wconf 83' lang='grc' dir='ltr'><strong><em>αλλὰ</em></strong></span> <span class='ocrx_word' id='word_1_192' title='bbox 308 3101 401 3162; x_wconf 76' lang='grc' dir='ltr'><strong><em>θεῶν</em></strong></span> <span class='ocrx_word' id='word_1_193' title='bbox 420 3092 569 3179; x_wconf 78' lang='grc' dir='ltr'><strong><em>ἀόριστος,</em></strong></span> <span class='ocrx_word' id='word_1_194' title='bbox 586 3089 628 3159; x_wconf 89' lang='grc' dir='ltr'><strong><em>δν</em></strong></span> <span class='ocrx_word' id='word_1_195' title='bbox 645 3089 797 3178; x_wconf 76' lang='grc' dir='ltr'><strong><em>ἠΰκομος</em></strong></span> <span class='ocrx_word' id='word_1_196' title='bbox 811 3087 888 3154; x_wconf 90' lang='grc' dir='ltr'><strong><em>τέκε</em></strong></span> <span class='ocrx_word' id='word_1_197' title='bbox 901 3079 1016 3170; x_wconf 77' lang='grc' dir='ltr'><strong><em>Λητω,</em></strong></span> 
     </span>
     <span class='ocr_line' id='line_1_30' title="bbox 208 3187 1095 3278; baseline -0.012 -20"><span class='ocrx_word' id='word_1_198' title='bbox 208 3189 312 3260; x_wconf 81' lang='grc' dir='ltr'><strong><em>ἔκταν’</em></strong></span> <span class='ocrx_word' id='word_1_199' title='bbox 331 3193 380 3260; x_wconf 81' lang='grc' dir='ltr'><strong><em>ένλ</em></strong></span> <span class='ocrx_word' id='word_1_200' title='bbox 396 3191 595 3278; x_wconf 88' lang='grc' dir='ltr'><strong><em>προμάχοισι</em></strong></span> <span class='ocrx_word' id='word_1_201' title='bbox 611 3192 668 3259; x_wconf 85' lang='grc' dir='ltr'><strong><em>καί</em></strong></span> <span class='ocrx_word' id='word_1_202' title='bbox 680 3189 816 3275; x_wconf 66' lang='grc' dir='ltr'><strong><em>Ἕκτορι</em></strong></span> <span class='ocrx_word' id='word_1_203' title='bbox 833 3189 939 3262; x_wconf 86' lang='grc' dir='ltr'><strong><em>κῦδος</em></strong></span> <span class='ocrx_word' id='word_1_204' title='bbox 956 3187 1095 3250; x_wconf 80' lang='grc' dir='ltr'><strong><em>ἔδωκεν.</em></strong></span> 
     </span>
     <span class='ocr_line' id='line_1_31' title="bbox 210 3284 1169 3404; baseline -0.02 -45"><span class='ocrx_word' id='word_1_205' title='bbox 210 3298 273 3404; x_wconf 79' lang='grc' dir='ltr'><strong><em>γεόί</em></strong></span> <span class='ocrx_word' id='word_1_206' title='bbox 289 3297 324 3361; x_wconf 77' lang='grc' dir='ltr'><strong><em>δέ</em></strong></span> <span class='ocrx_word' id='word_1_207' title='bbox 341 3299 399 3362; x_wconf 90' lang='grc' dir='ltr'><strong><em>καί</em></strong></span> <span class='ocrx_word' id='word_1_208' title='bbox 413 3319 472 3360; x_wconf 90' lang='grc' dir='ltr'><strong><em>κεν</em></strong></span> <span class='ocrx_word' id='word_1_209' title='bbox 489 3291 558 3379; x_wconf 85' lang='grc' dir='ltr'><strong><em>άμα</em></strong></span> <span class='ocrx_word' id='word_1_210' title='bbox 575 3297 678 3378; x_wconf 77' lang='grc' dir='ltr'><strong><em>πνοιῇ</em></strong></span> <span class='ocrx_word' id='word_1_211' title='bbox 687 3287 862 3374; x_wconf 79' lang='grc' dir='ltr'><strong><em>Ζεφύροιο</em></strong></span> <span class='ocrx_word' id='word_1_212' title='bbox 879 3284 1035 3369; x_wconf 80' lang='grc' dir='ltr'><strong><em>θέοιμεν,</em></strong></span> <span class='ocrx_word' id='word_1_213' title='bbox 1124 3286 1169 3344; x_wconf 70' lang='lat'><strong><em>415</em></strong></span> 
     </span>
     <span class='ocr_line' id='line_1_32' title="bbox 209 3373 1123 3505; baseline -0.022 -41"><span class='ocrx_word' id='word_1_214' title='bbox 209 3399 313 3505; x_wconf 59' lang='grc' dir='ltr'><strong><em>όνπερ</em></strong></span> <span class='ocrx_word' id='word_1_215' title='bbox 331 3391 561 3480; x_wconf 82' lang='grc' dir='ltr'><strong><em>ἐλαφροτάτην</em></strong></span> <span class='ocrx_word' id='word_1_216' title='bbox 580 3387 660 3476; x_wconf 77' lang='grc' dir='ltr'><strong><em>φάτ’</em></strong></span> <span class='ocrx_word' id='word_1_217' title='bbox 680 3394 835 3474; x_wconf 80' lang='grc' dir='ltr'><strong><em>ἔμμεναι·</em></strong></span> <span class='ocrx_word' id='word_1_218' title='bbox 855 3379 942 3451; x_wconf 86' lang='grc' dir='ltr'><strong><em>ἀλλά</em></strong></span> <span class='ocrx_word' id='word_1_219' title='bbox 961 3381 1016 3448; x_wconf 84' lang='grc' dir='ltr'><strong><em>σολ</em></strong></span> <span class='ocrx_word' id='word_1_220' title='bbox 1034 3373 1123 3466; x_wconf 73' lang='grc' dir='ltr'><strong><em>αὐτῷ</em></strong></span> 
     </span>
     <span class='ocr_line' id='line_1_33' title="bbox 211 3481 1063 3572; baseline -0.021 -10"><span class='ocrx_word' id='word_1_221' title='bbox 211 3491 373 3572; x_wconf 64' lang='grc' dir='ltr'><strong><em>μῠσσιμόν</em></strong></span> <span class='ocrx_word' id='word_1_222' title='bbox 390 3494 461 3558; x_wconf 85' lang='grc' dir='ltr'><strong><em>έστι</em></strong></span> <span class='ocrx_word' id='word_1_223' title='bbox 476 3499 548 3568; x_wconf 70' lang='grc' dir='ltr'><strong><em>θεοῖ</em></strong></span> <span class='ocrx_word' id='word_1_224' title='bbox 565 3515 601 3557; x_wconf 90' lang='grc' dir='ltr'><strong><em>τε</em></strong></span> <span class='ocrx_word' id='word_1_225' title='bbox 619 3488 675 3555; x_wconf 83' lang='grc' dir='ltr'><strong><em>καὶ</em></strong></span> <span class='ocrx_word' id='word_1_226' title='bbox 690 3481 786 3572; x_wconf 87' lang='grc' dir='ltr'><strong><em>ἀνέρι</em></strong></span> <span class='ocrx_word' id='word_1_227' title='bbox 803 3482 857 3570; x_wconf 86' lang='grc' dir='ltr'><strong><em>ίφι</em></strong></span> <span class='ocrx_word' id='word_1_228' title='bbox 875 3483 1063 3567; x_wconf 80' lang='grc' dir='ltr'><strong><em>δαμῆναι.“</em></strong></span> 
     </span>
    </p>
   </div>
   <div class='ocr_carea' id='block_1_4' title="bbox 0 0 1251 3908">
    <p class='ocr_par' dir='ltr' id='par_1_7' title="bbox 0 0 1251 3908">
     <span class='ocr_line' id='line_1_34' title="bbox 0 0 1251 3908; baseline 0 0"><span class='ocrx_word' id='word_1_229' title='bbox 0 0 1251 3908; x_wconf 95' lang='lat' dir='ltr'><strong><em> </em></strong></span> 
     </span>
    </p>
   </div>
  </div>
 </body>
</html>
