2442 3922
196 265 257 331 128
533 260 752 320 ΙΛΙΑΔΟΣ
770 260 812 318 Η.

195 454 217 514 η
233 453 275 513 ριι
293 453 335 494 νυ
327 424 412 550 ’μοί
427 449 457 490 τι
474 427 607 502 πίθοιος
624 425 821 506 κασίγνητος
840 423 876 488 δέ
892 424 946 488 τοί
961 424 1043 508 είμι

195 523 316 606 ἀλλους
332 529 394 612 μὲν
412 523 558 594 κύθισον
577 527 693 606 Τρῶας
710 521 765 588 καὶ
782 519 909 599 πάντας
925 517 1085 607 Ἀχαιούς,

195 622 294 704 αύτός
311 626 347 693 δὲ
364 621 588 709 προκάλεσσαι
600 615 777 706 Ἀχαιύν”
756 640 846 702 οστις
864 619 999 708 ἀριστος
1111 631 1146 690 ⁵⁴

194 719 343 810 ἀντίβιον
358 723 565 809 μαχέσασθαι
579 721 671 788 ίνί
635 746 655 786 α
669 745 712 806 νη
700 723 897 841 δηίοτήτικ

193 819 235 890 ού
253 823 316 909 γάρ
333 821 387 892 ποτ’
402 848 454 890 τοι
469 833 568 907 μοῖρα
585 829 706 887 θανείν
722 819 922 906 καλπότμον
939 822 1097 891 ἐπισπείν.

195 918 239 1000 ιδς
255 921 318 1008 γὰρ
335 919 422 1008 έγύν
438 916 488 990 ὄπ’
508 917 637 988 ἀέκουσα
652 926 745 987 θεῶν
762 919 1028 1006 αίενγενετάων.“

228 1017 290 1099 Ὣς
307 1017 418 1108 ἔφαθ’,
434 1018 561 1104 Ἕκτωρ
579 1016 611 1087 δ’
622 1010 693 1086 αὖτ’
706 1017 805 1106 έχάρη
823 1019 906 1107 μέγα
917 1026 1032 1106 μύθον
1044 1010 1146 1088 ἀκού·

644 1137 714 1205 σας,

195 1225 253 1288 καί
267 1216 294 1306 ρ’
313 1223 346 1298 ές
361 1222 486 1305 μέσσον
503 1215 565 1287 ἰόν
585 1217 710 1302 Τρύων
727 1214 862 1305 ἀνέεργε
880 1216 1064 1303 φάλαγγας
1113 1228 1145 1284 5⁵

194 1321 319 1407 μέσσον
336 1316 457 1404 δουρός
473 1317 574 1388 ἑλόν·
592 1319 643 1386 τοὶ
660 1313 690 1386 δ’
710 1316 922 1404 ἱδρύνθησαν
939 1314 1093 1394 ἅπαντες,

193 1417 258 1488 κὰδ
275 1417 307 1488 δ’
323 1419 535 1506 Ἀγαμέμνων
552 1411 640 1486 είσεν
661 1413 858 1503 ἐϋκνήμιδας
870 1414 1031 1502 Ἀχαιούς.

194 1517 257 1588 κάδ
276 1516 307 1586 δ’
326 1515 375 1604 ἀρ’
391 1517 550 1606 Ἀθηναίη
567 1543 602 1586 τε
620 1517 675 1585 καὶ
692 1513 914 1603 ἀργυρότοξος
927 1513 1098 1588 Ἁπόλλων

194 1621 342 1705 ἑζέσθην,
361 1617 490 1704 ὄρνισιν
505 1617 648 1697 ἐοικότες
666 1621 878 1702 αίγυιτιοῑσιν,

194 1724 290 1807 φηγῷ
307 1715 356 1802 ἐφ’
376 1715 487 1806 ὑψηλή
502 1715 626 1802 πατρός
643 1713 727 1796 Διός
746 1713 915 1802 αἰγιόχοιο,
1112 1727 1146 1782 60

193 1814 333 1902 ἀνδράσι
348 1815 556 1902 τερπόμενοι·
576 1823 643 1883 τοῖν
659 1819 696 1884 δὲ
714 1820 818 1901 στίχες
836 1818 923 1886 εἵατο
941 1813 1076 1901 πυκναὶ,

193 1913 307 1984 ἀσπίσι
325 1917 380 1984 καὶ
397 1915 582 2003 κορύθεσσι
599 1915 654 1984 καὶ
671 1921 779 2002 ἔγχεσι
795 1926 998 2000 πεφρικυῖαι.

193 2017 244 2101 οἴη
261 2016 297 2084 δέ
315 2015 481 2102 Ζεφύροιο
500 2013 633 2102 ἐχεύατο
651 2015 777 2086 πόντον
795 2019 848 2084 δπι
865 2016 942 2099 φρὶξ

192 2110 389 2199 ὀρνυμένοιο
407 2117 495 2198 νέον,
514 2115 648 2200 μελαίνει
666 2118 704 2184 δέ
718 2139 753 2182 τε
771 2112 894 2192 πόντος
911 2109 964 2182 ὑπ’
983 2109 1096 2200 αὐτῆς,

191 2225 275 2280 τοῖαι
290 2211 356 2296 ἀρα
373 2218 477 2300 στίχες
495 2211 569 2282 εἵατ’
587 2211 725 2300 Ἀχαιων
742 2239 777 2280 τε
799 2211 924 2299 rodon
940 2238 976 2280 τε
1113 2225 1146 2281 65

192 2313 227 2378 ἐν
245 2310 500 2398 πεδίφ·”Εκτωρ
517 2312 553 2380 δὲ
569 2309 633 2398 μετ’
654 2309 891 2398 ἀμφοτέροισιν
908 2316 1018 2380 ἔειπεν

234 2413 406 2494 ,Κύκλωπί
420 2436 492 2497 μευ,
513 2417 623 2499 Τροῖες
638 2413 693 2478 καὶ
709 2410 905 2498 ἐϋκνήμιδες
920 2409 1053 2497 Ἀχαιοὶ,

192 2506 266 2596 όφρ’
282 2519 363 2578 είπω
380 2509 420 2578 τύ
436 2535 477 2596 με
495 2507 606 2596 θυμός
619 2511 670 2578 ἐνὶ
688 2509 849 2597 στήθεσσι
867 2509 1003 2580 κελεύει.

190 2607 287 2697 ὅρκια
302 2609 363 2696 μδν
379 2611 546 2696 Κρονίδης
562 2606 718 2694 ὑψίζυγος
737 2607 800 2678 οὐκ
815 2613 994 2694 ἐτέλεσσεν,

190 2703 274 2776 ἀλλά
291 2705 378 2794 κακὰ
395 2709 549 2795 φρονέων
565 2714 771 2798 τεκμαίρεται
789 2707 1038 2796 ἀμφοτέροισιν,
1114 2723 1146 2783 λυ

191 2807 319 2876 είσόκεν
336 2804 359 2896 ή
374 2805 466 2895 ὑμεῖς
484 2815 607 2896 Τροίην
623 2807 794 2897 εὔπυργον
810 2811 914 2897 ἕλητε,

190 2899 210 2990 ή
228 2903 321 2974 αὐτοὶ
338 2905 428 2993 παρά
444 2909 543 2995 νηυσὶ
561 2911 708 2994 δαμείετε
717 2909 987 2998 ποντοπόροισιν.

191 2999 298 3088 ύμῖνδ
316 2999 425 3094 ένγάρ
442 3011 536 3076 ἔασιν
552 3005 703 3096 ἀριστῆες
718 3017 935 3097 Παναχαιῶν·

189 3110 256 3170 των
273 3112 340 3172 νύν
357 3104 472 3174 ὅντινα
490 3105 600 3193 θυμός
617 3109 690 3194 ἐμοὶ
706 3110 949 3196 μαχέσασθαι’
931 3110 1068 3200 ανύγει,

188 3201 275 3286 δεῦρ’
293 3213 350 3272 ίτω
367 3207 404 3272 ἐκ
421 3206 557 3274 πόντων
573 3207 701 3294 πρόμος
718 3209 884 3296 έμμεναι”
880 3220 1002 3300 Εκτορι
1021 3216 1093 3304 δίφ.
1112 3226 1145 3285 7⁵

188 3290 251 3367 ωδε
269 3303 305 3370 δὲ
322 3303 499 3390 μυθέομαι,
518 3303 603 3385 Ζευς
619 3304 693 3373 δ
669 3306 745 3394 αμμ’
765 3310 987 3396 ἐπιμάρτυρος
1004 3317 1108 3382 ἔστω

186 3403 215 3465 εί
230 3402 291 3520 μέν
307 3429 367 3470 κεν
385 3404 441 3489 ἐμὲ
459 3417 566 3483 κεῖνος
583 3408 641 3492 ἕλη
658 3407 815 3494 ταναήκεϊ
829 3417 952 3500 χαλκῷ,

208 3495 299 3585 ύχεα
317 3502 464 3591 συλήσας
482 3506 608 3588 φερέτω
627 3511 740 3586 κοίλας
759 3509 809 3576 ἐπὶ
826 3517 919 3594 νῆας,
