2492 3920
483 271 692 322 Parnassio.
1023 269 1087 318 ¹111

91 431 302 512 reliquerint
292 451 325 489 ιιι
342 431 422 490 omni
442 431 500 491 hoc
517 431 729 510 quaestionum
750 447 880 506 genere,
900 427 931 486 ic
947 445 1008 508 quo
1021 426 1087 486 lieri

91 537 153 576 nou
169 523 290 595 poterat
312 516 386 594 quin
398 533 490 595 saepe
511 515 550 574 ab
565 533 640 575 vero
663 513 853 587 aberrarent,
874 531 966 612 quum
986 529 1088 590 neque

92 602 123 658 iu
138 599 278 658 codicum
294 600 503 658 auctoritatem
517 617 554 658 ca
565 617 627 679 qua
640 597 733 658 hodie
749 597 788 656 ab
801 597 914 656 criticis
929 595 995 655 tieri
1009 594 1090 656 solot

91 685 232 743 ratione'
223 683 376 762 mqnirere
388 683 521 744 solerent
532 691 563 742 et
571 685 658 742 leves
670 701 731 742 non
745 700 814 741 raro
826 681 983 762 opiniones
991 683 1089 743 secuti

92 768 189 826 multa
208 786 263 846 pro
279 767 429 827 concessis
450 775 602 827 sumerent
617 785 698 846 quae
718 785 780 828 non
796 777 917 828 arants
935 785 1088 848 quoquam

94 851 310 911 demonstrata.
350 849 526 929 cujusmodi
552 849 701 930 estquod
722 850 933 950 Aristarchus,
958 851 985 912 si
1013 849 1089 912 fides

92 935 238 994 habenda
257 937 349 996 toties
371 937 501 1013 repetito
518 934 612 994 illim
627 934 751 994 scholiis
769 925 956 1012 Ἀρίσταρχος
976 925 1089 1004 'lunda

93 1019 253 1096 augmenti
268 1020 459 1079 omissionem
473 1019 598 1078 Ionicae
614 1037 680 1078 csse
701 1017 826 1079 dialecti
843 1017 987 1092 credidit,
1008 1035 1089 1098 quae

92 1121 195 1181 neque
217 1104 343 1162 Ionicae
364 1122 465 1182 neque
484 1103 577 1162 ullius
599 1103 678 1162 alins
700 1101 839 1176 dialecti,
868 1101 922 1164 sad
944 1101 1089 1164 sermonis

91 1188 206 1264 poetici
221 1189 344 1265 propria
360 1196 421 1264 est,
440 1188 511 1262 etsi,
532 1206 587 1266 pro
602 1185 731 1246 diversis
745 1188 848 1266 poesis
867 1195 1090 1267 metrorumque

92 1271 266 1348 generibus,
284 1271 403 1348 legibus
420 1271 565 1331 adstricta
578 1269 667 1330 modo
686 1269 887 1330 sevcrioribus
903 1269 993 1330 modo
1013 1269 1089 1330 libe·

91 1354 232 1425 rioribus,
248 1357 418 1415 accuratius
431 1364 462 1415 et
472 1353 657 1434 probabilius
669 1373 759 1432 quam
774 1354 874 1413 adbuc
887 1355 1001 1414 factum
1011 1352 1089 1412 vidi·

91 1458 159 1497 mus
173 1437 370 1499 definiendis:
363 1459 456 1519 q·nas
469 1459 653 1538 magnopere
664 1457 771 1498 vereor
782 1447 816 1497 ut
829 1445 882 1497 aut
887 1437 1090 1510 Aristarchus,

93 1518 215 1582 etiarnsi
231 1522 270 1582 de
283 1523 359 1583 locis
373 1524 500 1601 singulis
513 1523 625 1601 passim
638 1530 721 1582 recte
731 1521 926 1598 judicaverit,
943 1529 996 1580 aut
1009 1520 1091 1600 quis·

93 1613 185 1684 quam
200 1615 369 1666 ceterorum
385 1608 644 1685 grammaticorum
660 1607 834 1706 exploratas
848 1604 998 1666 habuerit.
1019 1605 1092 1664 Fuit

94 1692 175 1749 enim
191 1698 223 1748 et
237 1689 337 1749 adhuc
357 1699 404 1750 est
417 1691 495 1750 haec
509 1691 663 1769 quaestio,
678 1691 704 1749 si
720 1709 781 1770 qua
796 1690 867 1763 alia,
883 1689 1053 1768 impedita
1044 1709 1089 1747 ιιι·

95 1772 236 1833 credibili
251 1783 282 1833 et
293 1775 498 1834 inconstantia
512 1782 543 1833 et
552 1773 742 1851 negligentia
755 1773 952 1848 librariorum,
966 1791 1091 1870 quorum

93 1859 125 1916 iu
141 1857 291 1918 erroribus
302 1858 446 1935 religiose
459 1857 665 1936 propagandis
681 1877 769 1916 casus
783 1857 934 1917 interdurn
949 1857 1023 1916 lusit
1036 1857 1089 1915 mi·

93 1941 243 2000 rabiliter.
276 1941 344 2014 Sic,
358 1949 392 2001 ut
411 1941 470 2002 hcc
492 1942 633 2038 exemplo
646 1950 730 2016 utar,
746 1961 807 2000 uno
827 1941 859 2000 in
880 1942 948 2000 loco
964 1941 1089 2000 Homeri

93 2025 133 2085 Il.
147 2022 177 2100 3,
189 2024 283 2085 447.
273 2047 306 2084 ιιι
316 1985 401 2086 libris
413 2008 580 2085 omnrbns
562 2045 582 2099 ιχ
602 2022 640 2104 ῥα
654 1986 740 2082 κα7”
719 2043 790 2102 αρχι
805 2020 921 2101 λέχοσδε
931 2015 1017 2099 usur,
1031 2041 1087 2084 ιιοι

93 2092 177 2186 ἦρχε,
194 2108 274 2187 qnod
288 2109 430 2210 lIeynius
443 2110 586 2183 restituit,
601 2111 746 2187 scriptum
762 2115 822 2206 est,
847 2109 921 2168 licet
935 2107 1022 2168 nulla
1038 2125 1089 2167 ex·

95 2194 224 2269 cogitari
238 2194 316 2252 ratio
326 2195 422 2272 possit
431 2213 483 2252 cur
496 2193 553 2252 hoc
567 2213 628 2254 uno
643 2194 674 2252 in
687 2181 787 2252 loco’'
767 2211 837 2269 αρχε
850 2193 916 2252 sine
931 2198 1089 2270 augmenta

94 2276 263 2351 scribatur,
284 2295 375 2355 quum
388 2277 458 2357 plus
480 2297 570 2356 quam
588 2286 708 2337 centnm
729 2276 828 2336 aliis
818 2296 850 2335 ιιι
869 2275 1007 2336 versibus
1029 2275 1090 2334 Ho-

95 2379 172 2418 merr
163 2322 384 2440 'plurimisque
401 2361 527 2420 aliorum
542 2370 698 2438 poetarum
710 2360 786 2419 locis
800 2341 871 2436 ἦρχε
885 2341 978 2438 ἦρχον
992 2354 1091 2436 ἐξῆρχι

96 2435 238 2518 ἐξήρχετο
256 2452 287 2504 ιι
302 2445 423 2524 reliqna
438 2464 504 2504 cum
528 2453 690 2522 augmento
706 2443 885 2504 scribantur.
1109 2447 1121 2458 ‘

181 2526 279 2586 Aliud
298 2527 392 2607 idque
414 2528 561 2588 latissime
583 2537 692 2606 patens
720 2547 816 2605 genus
840 2545 986 2602 errorum,
1010 2524 1091 2606 qnod

97 2611 197 2688 ipsum
217 2629 355 2690 quoque,
375 2613 433 2672 ut
423 2633 455 2672 ιιι
476 2612 706 2671 scholiastarnm
726 2611 973 2672 annotationibus
986 2609 1092 2671 videre

97 2695 190 2769 licet,
204 2695 382 2772 saepissime
396 2695 498 2755 fraudi
514 2696 572 2756 fuit
585 2696 805 2775 grammaticis,
822 2713 861 2755 ex
876 2696 1025 2775 scriptura
1040 2713 1092 2754 an·

99 2779 187 2856 tique
212 2779 360 2856 originem
382 2778 484 2854 duxit,
513 2799 593 2859 quae
615 2779 757 2839 continua
776 2780 835 2838 fuit
854 2779 1014 2839 vocabulis
1034 2797 1093 2838 nac

99 2860 207 2922 divisis
221 2881 322 2940 neque
338 2863 514 2923 accentibus
533 2865 646 2923 notatis
661 2861 880 2942 vocalibusque
900 2863 999 2941 longis
1015 2863 1047 2920 Η
1062 2869 1092 2921 ιι

99 2943 132 3002 Ω
147 2953 179 3003 ιι
193 2943 382 3024 diphthongo
397 2947 455 3005 ΟΥ
465 2967 521 3026 per
532 2947 640 3006 breves
653 2947 681 3003 Ε
698 2956 729 3006 ιι
741 2946 767 3005 Ο
779 2947 947 3026 expressis:
966 2945 1006 3006 ad
1018 2965 1092 3024 quos

99 3046 214 3088 errores
229 3049 323 3108 quum
338 3050 434 3108 prava
457 3029 619 3100 accederet
631 3030 820 3091 librariorum
836 3029 1022 3092 consuetudo
1040 3049 1093 3088 an·

97 3112 280 3190 tiqnioribus
289 3113 507 3174 vocabulorum
518 3116 621 3174 formis
633 3117 832 3190 recentiores,
849 3113 1093 3194 exquisitioribus

98 3197 243 3272 vulgares
258 3197 470 3273 substituendi,
491 3199 599 3277 ingens
620 3207 686 3257 orta
708 3208 755 3259 cst
768 3199 998 3258 vanissimorum
1014 3217 1090 3258 com·

97 3289 267 3340 mentorum
287 3301 376 3360 seges
398 3282 553 3343 deformis
572 3282 801 3357 vocabulorum,
817 3281 856 3342 de
878 3283 956 3342 crasi
971 3289 1001 3342 ct
1022 3303 1091 3363 syn·

99 3363 265 3440 ecphonesi
293 3374 324 3426 et
350 3365 389 3426 ds
408 3387 549 3426 mensura
574 3386 730 3427 versuum·
758 3386 885 3446 quornm
904 3387 964 3426 nou
984 3385 1093 3444 pauca,

98 3466 179 3526 quae
192 3450 284 3526 rejici
303 3447 473 3526 debebant,
489 3450 620 3511 editores
634 3451 715 3509 bona
728 3451 789 3510 fide
805 3459 999 3552 acceperunt.
1034 3447 1080 3510 Ou

93 3531 231 3608 jusmodi
243 3542 289 3594 est
305 3533 386 3616 quod
400 3536 551 3615 particula
565 3537 653 3614 epica
667 3526 760 3609 ἐπειή,
777 3535 944 3614 antiquitus
959 3532 1096 3591 ΕΠΕ]17
