<?xml version="1.0" encoding="UTF-8"?>
<!DOCTYPE html PUBLIC "-//W3C//DTD XHTML 1.0 Transitional//EN"
    "http://www.w3.org/TR/xhtml1/DTD/xhtml1-transitional.dtd">
<html xmlns="http://www.w3.org/1999/xhtml" xml:lang="en" lang="en">
 <head>
  <title>
</title>
<meta http-equiv="Content-Type" content="text/html;charset=utf-8" />
  <meta name='ocr-system' content='tesseract 3.04.00' />
  <meta name='ocr-capabilities' content='ocr_page ocr_carea ocr_par ocr_line ocrx_word'/>
</head>
<body>
  <div class='ocr_page' id='page_1' title='image "./homericarminaad01baumgoog_0372.png"; bbox 0 0 2406 3920; ppageno 0'>
   <div class='ocr_carea' id='block_1_1' title="bbox 415 227 1041 294">
    <p class='ocr_par' dir='ltr' id='par_1_1' title="bbox 415 227 1041 294">
     <span class='ocr_line' id='line_1_1' title="bbox 415 227 1041 294; baseline 0.011 -9"><span class='ocrx_word' id='word_1_1' title='bbox 415 227 634 286; x_wconf 83' lang='grc' dir='ltr'><em>ΙΛΙΑΔΟΣ</em></span> <span class='ocrx_word' id='word_1_2' title='bbox 656 231 716 287; x_wconf 86' lang='lat' dir='ltr'><strong><em>XV.</em></strong></span> <span class='ocrx_word' id='word_1_3' title='bbox 978 230 1041 294; x_wconf 74' lang='lat'><strong><em>289</em></strong></span> 
     </span>
    </p>
   </div>
   <div class='ocr_carea' id='block_1_2' title="bbox 85 381 894 474">
    <p class='ocr_par' dir='ltr' id='par_1_2' title="bbox 85 381 894 474">
     <span class='ocr_line' id='line_1_2' title="bbox 85 381 894 474; baseline 0.012 -24"><span class='ocrx_word' id='word_1_4' title='bbox 85 381 129 470; x_wconf 82' lang='grc' dir='ltr'><strong><em>σή</em></strong></span> <span class='ocrx_word' id='word_1_5' title='bbox 143 381 178 451; x_wconf 89' lang='grc' dir='ltr'><strong><em>θ’</em></strong></span> <span class='ocrx_word' id='word_1_6' title='bbox 194 381 266 472; x_wconf 63' lang='lat' dir='ltr'><strong><em>cem}</em></strong></span> <span class='ocrx_word' id='word_1_7' title='bbox 285 382 412 472; x_wconf 76' lang='grc' dir='ltr'><strong><em>κεφαλὴ</em></strong></span> <span class='ocrx_word' id='word_1_8' title='bbox 428 386 483 454; x_wconf 78' lang='grc' dir='ltr'><strong><em>καὶ</em></strong></span> <span class='ocrx_word' id='word_1_9' title='bbox 500 390 659 469; x_wconf 78' lang='grc' dir='ltr'><strong><em>νωΐτερον</em></strong></span> <span class='ocrx_word' id='word_1_10' title='bbox 674 391 766 474; x_wconf 89' lang='grc' dir='ltr'><strong><em>λέχος</em></strong></span> <span class='ocrx_word' id='word_1_11' title='bbox 782 385 894 460; x_wconf 77' lang='grc' dir='ltr'><strong><em>αὐτῶν</em></strong></span> 
     </span>
    </p>
   </div>
   <div class='ocr_carea' id='block_1_3' title="bbox 69 479 1041 3586">
    <p class='ocr_par' dir='ltr' id='par_1_3' title="bbox 81 479 1039 1164">
     <span class='ocr_line' id='line_1_3' title="bbox 85 479 1039 577; baseline 0.013 -29"><span class='ocrx_word' id='word_1_12' title='bbox 85 485 269 570; x_wconf 76' lang='grc' dir='ltr'><em>κουρίδων,</em></span> <span class='ocrx_word' id='word_1_13' title='bbox 288 479 326 550; x_wconf 87' lang='grc' dir='ltr'><strong><em>τδ</em></strong></span> <span class='ocrx_word' id='word_1_14' title='bbox 343 481 406 570; x_wconf 76' lang='grc' dir='ltr'><strong><em>μὲν</em></strong></span> <span class='ocrx_word' id='word_1_15' title='bbox 416 479 479 551; x_wconf 89' lang='grc' dir='ltr'><strong><em>ούκ</em></strong></span> <span class='ocrx_word' id='word_1_16' title='bbox 496 479 540 551; x_wconf 88' lang='grc' dir='ltr'><strong><em>ἀν</em></strong></span> <span class='ocrx_word' id='word_1_17' title='bbox 555 483 621 571; x_wconf 79' lang='grc' dir='ltr'><strong><em>ἐμά</em></strong></span> <span class='ocrx_word' id='word_1_18' title='bbox 637 507 716 554; x_wconf 85' lang='grc' dir='ltr'><strong><em>ποτε</em></strong></span> <span class='ocrx_word' id='word_1_19' title='bbox 732 501 805 573; x_wconf 79' lang='grc' dir='ltr'><strong><em>μαψ</em></strong></span> <span class='ocrx_word' id='word_1_20' title='bbox 820 485 990 577; x_wconf 87' lang='grc' dir='ltr'><strong><em>ὀμόσαιμι·</em></strong></span> <span class='ocrx_word' id='word_1_21' title='bbox 1005 505 1039 560; x_wconf 77' lang='lat'><strong><em>40</em></strong></span> 
     </span>
     <span class='ocr_line' id='line_1_4' title="bbox 84 578 837 672; baseline 0.009 -26"><span class='ocrx_word' id='word_1_22' title='bbox 84 607 128 667; x_wconf 93' lang='grc' dir='ltr'><strong><em>μη</em></strong></span> <span class='ocrx_word' id='word_1_23' title='bbox 116 578 187 648; x_wconf 92' lang='grc' dir='ltr'><strong><em>δι’</em></strong></span> <span class='ocrx_word' id='word_1_24' title='bbox 205 580 290 670; x_wconf 77' lang='grc' dir='ltr'><strong><em>ἐμὴν</em></strong></span> <span class='ocrx_word' id='word_1_25' title='bbox 307 581 422 669; x_wconf 79' lang='grc' dir='ltr'><strong><em>ἰότητα</em></strong></span> <span class='ocrx_word' id='word_1_26' title='bbox 442 582 635 652; x_wconf 76' lang='grc' dir='ltr'><em>Ποσειδάων</em></span> <span class='ocrx_word' id='word_1_27' title='bbox 651 586 837 672; x_wconf 77' lang='grc' dir='ltr'><strong><em>ἐνοσίχθων</em></strong></span> 
     </span>
     <span class='ocr_line' id='line_1_5' title="bbox 84 680 958 777; baseline 0.009 -31"><span class='ocrx_word' id='word_1_28' title='bbox 84 684 243 766; x_wconf 82' lang='grc' dir='ltr'><strong><em>πημαίνει</em></strong></span> <span class='ocrx_word' id='word_1_29' title='bbox 261 681 380 766; x_wconf 76' lang='grc' dir='ltr'><strong><em>Τρῶάς</em></strong></span> <span class='ocrx_word' id='word_1_30' title='bbox 394 707 429 749; x_wconf 85' lang='grc' dir='ltr'><strong><em>τε</em></strong></span> <span class='ocrx_word' id='word_1_31' title='bbox 445 680 527 749; x_wconf 55' lang='grc' dir='ltr'><strong><em>καῖ’</em></strong></span> <span class='ocrx_word' id='word_1_32' title='bbox 522 689 662 768; x_wconf 82' lang='grc' dir='ltr'><strong><em>Εκτορα,</em></strong></span> <span class='ocrx_word' id='word_1_33' title='bbox 681 697 765 752; x_wconf 88' lang='grc' dir='ltr'><strong><em>τοῖσι</em></strong></span> <span class='ocrx_word' id='word_1_34' title='bbox 781 683 851 753; x_wconf 79' lang='grc' dir='ltr'><strong><em>δ”</em></strong></span> <span class='ocrx_word' id='word_1_35' title='bbox 830 686 958 777; x_wconf 80' lang='grc' dir='ltr'><strong><em>ἀρήγει,</em></strong></span> 
     </span>
     <span class='ocr_line' id='line_1_6' title="bbox 83 773 912 872; baseline 0.01 -28"><span class='ocrx_word' id='word_1_36' title='bbox 83 773 168 846; x_wconf 87' lang='grc' dir='ltr'><strong><em>ἀλλά</em></strong></span> <span class='ocrx_word' id='word_1_37' title='bbox 183 801 250 846; x_wconf 87' lang='grc' dir='ltr'><strong><em>που</em></strong></span> <span class='ocrx_word' id='word_1_38' title='bbox 267 776 372 847; x_wconf 80' lang='grc' dir='ltr'><strong><em>αὐτὸν</em></strong></span> <span class='ocrx_word' id='word_1_39' title='bbox 387 780 500 866; x_wconf 85' lang='grc' dir='ltr'><strong><em>θυμδς</em></strong></span> <span class='ocrx_word' id='word_1_40' title='bbox 515 780 692 868; x_wconf 79' lang='grc' dir='ltr'><strong><em>ἐποτρύνει</em></strong></span> <span class='ocrx_word' id='word_1_41' title='bbox 709 781 800 851; x_wconf 75' lang='grc' dir='ltr'><strong><em>καῖ’</em></strong></span> <span class='ocrx_word' id='word_1_42' title='bbox 780 783 912 872; x_wconf 83' lang='grc' dir='ltr'><strong><em>ανύγει,</em></strong></span> 
     </span>
     <span class='ocr_line' id='line_1_7' title="bbox 82 876 964 968; baseline 0.01 -26"><span class='ocrx_word' id='word_1_43' title='bbox 82 876 345 962; x_wconf 88' lang='grc' dir='ltr'><strong><em>τειρομένουςδ’</em></strong></span> <span class='ocrx_word' id='word_1_44' title='bbox 364 879 417 947; x_wconf 83' lang='grc' dir='ltr'><strong><em>ἐπὶ</em></strong></span> <span class='ocrx_word' id='word_1_45' title='bbox 432 879 553 966; x_wconf 81' lang='grc' dir='ltr'><strong><em>νἠυσδν</em></strong></span> <span class='ocrx_word' id='word_1_46' title='bbox 569 876 651 946; x_wconf 82' lang='grc' dir='ltr'><strong><em>ίδάν</em></strong></span> <span class='ocrx_word' id='word_1_47' title='bbox 664 880 816 967; x_wconf 88' lang='grc' dir='ltr'><strong><em>ἐ’λέησεν</em></strong></span> <span class='ocrx_word' id='word_1_48' title='bbox 813 882 964 968; x_wconf 81' lang='grc' dir='ltr'><strong><em>Αχαιούς.</em></strong></span> 
     </span>
     <span class='ocr_line' id='line_1_8' title="bbox 82 971 1037 1074; baseline 0.009 -33"><span class='ocrx_word' id='word_1_49' title='bbox 82 971 189 1062; x_wconf 88' lang='grc' dir='ltr'><strong><em>αύτάρ</em></strong></span> <span class='ocrx_word' id='word_1_50' title='bbox 205 1001 258 1044; x_wconf 91' lang='grc' dir='ltr'><strong><em>τοι</em></strong></span> <span class='ocrx_word' id='word_1_51' title='bbox 273 977 329 1046; x_wconf 83' lang='grc' dir='ltr'><strong><em>καλ</em></strong></span> <span class='ocrx_word' id='word_1_52' title='bbox 345 983 446 1066; x_wconf 80' lang='grc' dir='ltr'><strong><em>κείνφ</em></strong></span> <span class='ocrx_word' id='word_1_53' title='bbox 463 973 528 1062; x_wconf 67' lang='grc' dir='ltr'><strong><em>ἐμοὶ</em></strong></span> <span class='ocrx_word' id='word_1_54' title='bbox 546 984 860 1074; x_wconf 77' lang='grc' dir='ltr'><strong><em>παραμυθησαίμην</em></strong></span> <span class='ocrx_word' id='word_1_55' title='bbox 1005 996 1037 1050; x_wconf 75' lang='grc'><strong><em>45</em></strong></span> 
     </span>
     <span class='ocr_line' id='line_1_9' title="bbox 81 1066 931 1166; baseline 0.005 -26"><span class='ocrx_word' id='word_1_56' title='bbox 81 1098 119 1162; x_wconf 84' lang='grc' dir='ltr'><strong><em>τη</em></strong></span> <span class='ocrx_word' id='word_1_57' title='bbox 137 1083 214 1160; x_wconf 84' lang='grc' dir='ltr'><strong><em>ίμεν</em></strong></span> <span class='ocrx_word' id='word_1_58' title='bbox 228 1066 253 1164; x_wconf 75' lang='grc' dir='ltr'><strong><em>ᾖ</em></strong></span> <span class='ocrx_word' id='word_1_59' title='bbox 267 1102 327 1146; x_wconf 88' lang='grc' dir='ltr'><strong><em>κεν</em></strong></span> <span class='ocrx_word' id='word_1_60' title='bbox 344 1072 383 1162; x_wconf 93' lang='grc' dir='ltr'><strong><em>δη</em></strong></span> <span class='ocrx_word' id='word_1_61' title='bbox 402 1073 456 1162; x_wconf 83' lang='grc' dir='ltr'><strong><em>σύ,</em></strong></span> <span class='ocrx_word' id='word_1_62' title='bbox 474 1073 710 1162; x_wconf 76' lang='grc' dir='ltr'><strong><em>κελαινεφές,</em></strong></span> <span class='ocrx_word' id='word_1_63' title='bbox 693 1075 906 1166; x_wconf 80' lang='grc' dir='ltr'><strong><em>ηγεμονεύης</em></strong></span> <span class='ocrx_word' id='word_1_64' title='bbox 910 1085 931 1120; x_wconf 86' lang='grc'><strong>“</strong></span> 
     </span>
    </p>

    <p class='ocr_par' dir='ltr' id='par_1_4' title="bbox 81 1170 1035 1360">
     <span class='ocr_line' id='line_1_10' title="bbox 127 1170 1035 1264; baseline 0.006 -24.05"><span class='ocrx_word' id='word_1_65' title='bbox 127 1170 189 1252; x_wconf 74' lang='grc' dir='ltr'><strong><em>Ὡς</em></strong></span> <span class='ocrx_word' id='word_1_66' title='bbox 205 1173 310 1260; x_wconf 88' lang='grc' dir='ltr'><strong><em>φάτο,</em></strong></span> <span class='ocrx_word' id='word_1_67' title='bbox 332 1179 489 1262; x_wconf 83' lang='grc' dir='ltr'><strong><em>μείδησεν</em></strong></span> <span class='ocrx_word' id='word_1_68' title='bbox 505 1176 541 1244; x_wconf 71' lang='grc' dir='ltr'><strong><em>δέ</em></strong></span> <span class='ocrx_word' id='word_1_69' title='bbox 557 1171 665 1261; x_wconf 80' lang='grc' dir='ltr'><strong><em>πατὴρ</em></strong></span> <span class='ocrx_word' id='word_1_70' title='bbox 682 1171 818 1263; x_wconf 79' lang='grc' dir='ltr'><strong><em>ἀνδρῶν</em></strong></span> <span class='ocrx_word' id='word_1_71' title='bbox 832 1200 867 1244; x_wconf 86' lang='grc' dir='ltr'><strong><em>τε</em></strong></span> <span class='ocrx_word' id='word_1_72' title='bbox 882 1183 977 1244; x_wconf 76' lang='grc' dir='ltr'><strong><em>θεῶν</em></strong></span> <span class='ocrx_word' id='word_1_73' title='bbox 991 1203 1035 1264; x_wconf 89' lang='grc' dir='ltr'><strong><em>τε,</em></strong></span> 
     </span>
     <span class='ocr_line' id='line_1_11' title="bbox 81 1271 931 1360; baseline 0.001 -20"><span class='ocrx_word' id='word_1_74' title='bbox 81 1277 140 1340; x_wconf 92' lang='grc' dir='ltr'><strong><em>καί</em></strong></span> <span class='ocrx_word' id='word_1_75' title='bbox 151 1299 211 1359; x_wconf 89' lang='grc' dir='ltr'><strong><em>μιν</em></strong></span> <span class='ocrx_word' id='word_1_76' title='bbox 226 1271 447 1360; x_wconf 83' lang='grc' dir='ltr'><strong><em>ἀμειβόμενος</em></strong></span> <span class='ocrx_word' id='word_1_77' title='bbox 465 1278 544 1342; x_wconf 77' lang='grc' dir='ltr'><strong><em>ἔπεα</em></strong></span> <span class='ocrx_word' id='word_1_78' title='bbox 560 1273 742 1360; x_wconf 85' lang='grc' dir='ltr'><strong><em>πτερόεντα</em></strong></span> <span class='ocrx_word' id='word_1_79' title='bbox 757 1271 931 1360; x_wconf 80' lang='grc' dir='ltr'><strong><em>προσηύδα</em></strong></span> 
     </span>
    </p>

    <p class='ocr_par' dir='ltr' id='par_1_5' title="bbox 69 1368 1041 3533">
     <span class='ocr_line' id='line_1_12' title="bbox 121 1368 932 1460; baseline -0.002 -20"><span class='ocrx_word' id='word_1_80' title='bbox 121 1377 189 1457; x_wconf 79' lang='lat' dir='ltr'><strong><em>„El</em></strong></span> <span class='ocrx_word' id='word_1_81' title='bbox 202 1371 266 1458; x_wconf 80' lang='grc' dir='ltr'><strong><em>μὲν</em></strong></span> <span class='ocrx_word' id='word_1_82' title='bbox 281 1368 322 1460; x_wconf 79' lang='grc' dir='ltr'><strong><em>δὴ</em></strong></span> <span class='ocrx_word' id='word_1_83' title='bbox 340 1370 413 1458; x_wconf 79' lang='grc' dir='ltr'><strong><em>σύγ’</em></strong></span> <span class='ocrx_word' id='word_1_84' title='bbox 429 1375 550 1458; x_wconf 76' lang='grc' dir='ltr'><strong><em>ἔπειτα,</em></strong></span> <span class='ocrx_word' id='word_1_85' title='bbox 566 1378 692 1458; x_wconf 77' lang='grc' dir='ltr'><strong><em>βοῶπις</em></strong></span> <span class='ocrx_word' id='word_1_86' title='bbox 706 1370 825 1440; x_wconf 89' lang='grc' dir='ltr'><strong><em>πότνια</em></strong></span> <span class='ocrx_word' id='word_1_87' title='bbox 836 1368 932 1458; x_wconf 87' lang='grc' dir='ltr'><strong><em>Ἥρη,</em></strong></span> 
     </span>
     <span class='ocr_line' id='line_1_13' title="bbox 80 1467 1037 1559; baseline 0.001 -23"><span class='ocrx_word' id='word_1_88' title='bbox 80 1467 157 1536; x_wconf 79' lang='grc' dir='ltr'><strong><em>ἶσον</em></strong></span> <span class='ocrx_word' id='word_1_89' title='bbox 172 1471 244 1556; x_wconf 79' lang='grc' dir='ltr'><strong><em>ἐμοὶ</em></strong></span> <span class='ocrx_word' id='word_1_90' title='bbox 260 1476 454 1559; x_wconf 81' lang='grc' dir='ltr'><strong><em>φρονέουσα</em></strong></span> <span class='ocrx_word' id='word_1_91' title='bbox 470 1467 537 1558; x_wconf 89' lang='grc' dir='ltr'><strong><em>μετ’</em></strong></span> <span class='ocrx_word' id='word_1_92' title='bbox 555 1468 753 1538; x_wconf 75' lang='grc' dir='ltr'><strong><em>ἀθανάτοισι</em></strong></span> <span class='ocrx_word' id='word_1_93' title='bbox 768 1475 926 1558; x_wconf 75' lang='grc' dir='ltr'><strong><em>καθίζοις,</em></strong></span> <span class='ocrx_word' id='word_1_94' title='bbox 1003 1485 1037 1537; x_wconf 83' lang='lat'><strong><em>50</em></strong></span> 
     </span>
     <span class='ocr_line' id='line_1_14' title="bbox 79 1566 960 1658; baseline 0.002 -24"><span class='ocrx_word' id='word_1_95' title='bbox 79 1573 126 1658; x_wconf 78' lang='grc' dir='ltr'><strong><em>τῷ</em></strong></span> <span class='ocrx_word' id='word_1_96' title='bbox 141 1594 180 1636; x_wconf 88' lang='grc' dir='ltr'><strong><em>κε</em></strong></span> <span class='ocrx_word' id='word_1_97' title='bbox 196 1569 397 1652; x_wconf 73' lang='grc' dir='ltr'><strong><em>Ποσειδάων</em></strong></span> <span class='ocrx_word' id='word_1_98' title='bbox 409 1597 458 1656; x_wconf 78' lang='grc' dir='ltr'><strong><em>γε,</em></strong></span> <span class='ocrx_word' id='word_1_99' title='bbox 475 1569 531 1638; x_wconf 83' lang='grc' dir='ltr'><strong><em>καὶ</em></strong></span> <span class='ocrx_word' id='word_1_100' title='bbox 547 1573 577 1637; x_wconf 84' lang='grc' dir='ltr'><strong><em>εί</em></strong></span> <span class='ocrx_word' id='word_1_101' title='bbox 590 1568 678 1657; x_wconf 89' lang='grc' dir='ltr'><strong><em>μάλα</em></strong></span> <span class='ocrx_word' id='word_1_102' title='bbox 694 1566 850 1654; x_wconf 83' lang='grc' dir='ltr'><strong><em>βούλεται</em></strong></span> <span class='ocrx_word' id='word_1_103' title='bbox 867 1566 960 1656; x_wconf 83' lang='grc' dir='ltr'><strong><em>άλλη,</em></strong></span> 
     </span>
     <span class='ocr_line' id='line_1_15' title="bbox 79 1665 944 1755; baseline 0.002 -21"><span class='ocrx_word' id='word_1_104' title='bbox 79 1665 160 1750; x_wconf 76' lang='grc' dir='ltr'><strong><em>αἶψα</em></strong></span> <span class='ocrx_word' id='word_1_105' title='bbox 177 1673 412 1754; x_wconf 76' lang='grc' dir='ltr'><strong><em>μεταστρέψειε</em></strong></span> <span class='ocrx_word' id='word_1_106' title='bbox 428 1667 512 1736; x_wconf 86' lang='grc' dir='ltr'><strong><em>νόον</em></strong></span> <span class='ocrx_word' id='word_1_107' title='bbox 525 1665 607 1754; x_wconf 89' lang='grc' dir='ltr'><strong><em>μετά</em></strong></span> <span class='ocrx_word' id='word_1_108' title='bbox 625 1669 688 1736; x_wconf 87' lang='grc' dir='ltr'><strong><em>σὸν</em></strong></span> <span class='ocrx_word' id='word_1_109' title='bbox 702 1667 757 1734; x_wconf 81' lang='grc' dir='ltr'><strong><em>καὶ</em></strong></span> <span class='ocrx_word' id='word_1_110' title='bbox 774 1667 856 1753; x_wconf 87' lang='grc' dir='ltr'><strong><em>έμδν</em></strong></span> <span class='ocrx_word' id='word_1_111' title='bbox 870 1674 944 1755; x_wconf 79' lang='grc' dir='ltr'><strong><em>κῆρ.</em></strong></span> 
     </span>
     <span class='ocr_line' id='line_1_16' title="bbox 78 1763 912 1854; baseline 0 -20"><span class='ocrx_word' id='word_1_112' title='bbox 78 1763 146 1834; x_wconf 85' lang='grc' dir='ltr'><strong><em>ἀλλ’</em></strong></span> <span class='ocrx_word' id='word_1_113' title='bbox 166 1771 198 1835; x_wconf 87' lang='grc' dir='ltr'><strong><em>εί</em></strong></span> <span class='ocrx_word' id='word_1_114' title='bbox 213 1765 256 1853; x_wconf 83' lang='grc' dir='ltr'><strong><em>δή</em></strong></span> <span class='ocrx_word' id='word_1_115' title='bbox 272 1764 303 1853; x_wconf 79' lang='grc' dir='ltr'><strong><em>ῥ’</em></strong></span> <span class='ocrx_word' id='word_1_116' title='bbox 321 1767 416 1836; x_wconf 89' lang='grc' dir='ltr'><strong><em>ἐτεόν</em></strong></span> <span class='ocrx_word' id='word_1_117' title='bbox 429 1793 468 1854; x_wconf 80' lang='grc' dir='ltr'><strong><em>με</em></strong></span> <span class='ocrx_word' id='word_1_118' title='bbox 484 1769 540 1837; x_wconf 81' lang='grc' dir='ltr'><strong><em>καὶ</em></strong></span> <span class='ocrx_word' id='word_1_119' title='bbox 553 1765 716 1854; x_wconf 77' lang='grc' dir='ltr'><strong><em>ἀτρεκέως</em></strong></span> <span class='ocrx_word' id='word_1_120' title='bbox 731 1763 912 1854; x_wconf 72' lang='grc' dir='ltr'><strong><em>ἀγορεύεις,</em></strong></span> 
     </span>
     <span class='ocr_line' id='line_1_17' title="bbox 80 1863 956 1953; baseline 0.002 -21"><span class='ocrx_word' id='word_1_121' title='bbox 80 1868 170 1951; x_wconf 76' lang='grc' dir='ltr'><strong><em>ἔρχεο</em></strong></span> <span class='ocrx_word' id='word_1_122' title='bbox 187 1869 256 1932; x_wconf 85' lang='grc' dir='ltr'><strong><em>νύν</em></strong></span> <span class='ocrx_word' id='word_1_123' title='bbox 270 1863 352 1951; x_wconf 81' lang='grc' dir='ltr'><strong><em>μετὰ</em></strong></span> <span class='ocrx_word' id='word_1_124' title='bbox 370 1873 462 1953; x_wconf 86' lang='grc' dir='ltr'><strong><em>φύλα</em></strong></span> <span class='ocrx_word' id='word_1_125' title='bbox 477 1873 582 1952; x_wconf 78' lang='grc' dir='ltr'><strong><em>θεῶν,</em></strong></span> <span class='ocrx_word' id='word_1_126' title='bbox 599 1867 653 1933; x_wconf 76' lang='grc' dir='ltr'><strong><em>καὶ</em></strong></span> <span class='ocrx_word' id='word_1_127' title='bbox 673 1869 774 1951; x_wconf 87' lang='grc' dir='ltr'><strong><em>δεῦρο</em></strong></span> <span class='ocrx_word' id='word_1_128' title='bbox 791 1864 956 1934; x_wconf 77' lang='grc' dir='ltr'><strong><em>κάλεσσον</em></strong></span> 
     </span>
     <span class='ocr_line' id='line_1_18' title="bbox 76 1953 1035 2050; baseline -0.001 -15"><span class='ocrx_word' id='word_1_129' title='bbox 76 1953 154 2048; x_wconf 71' lang='grc' dir='ltr'><strong><em>’ἶρίν</em></strong></span> <span class='ocrx_word' id='word_1_130' title='bbox 168 1960 195 2030; x_wconf 91' lang='grc' dir='ltr'><strong><em>τ’</em></strong></span> <span class='ocrx_word' id='word_1_131' title='bbox 212 1963 392 2048; x_wconf 76' lang='grc' dir='ltr'><strong><em>ἐλθέμεναι</em></strong></span> <span class='ocrx_word' id='word_1_132' title='bbox 407 1965 463 2032; x_wconf 79' lang='grc' dir='ltr'><strong><em>καὶ</em></strong></span> <span class='ocrx_word' id='word_1_133' title='bbox 476 1959 669 2032; x_wconf 86' lang='grc' dir='ltr'><strong><em>Ἀπόλλωνα</em></strong></span> <span class='ocrx_word' id='word_1_134' title='bbox 686 1962 896 2050; x_wconf 84' lang='grc' dir='ltr'><strong><em>κλυτότοξον,</em></strong></span> <span class='ocrx_word' id='word_1_135' title='bbox 1001 1981 1035 2034; x_wconf 77' lang='grc'><strong><em>55</em></strong></span> 
     </span>
     <span class='ocr_line' id='line_1_19' title="bbox 79 2056 885 2149; baseline 0 -21"><span class='ocrx_word' id='word_1_136' title='bbox 79 2057 154 2149; x_wconf 85' lang='grc' dir='ltr'><strong><em>ὄφρ’</em></strong></span> <span class='ocrx_word' id='word_1_137' title='bbox 169 2056 191 2148; x_wconf 82' lang='grc' dir='ltr'><em>ἡ</em></span> <span class='ocrx_word' id='word_1_138' title='bbox 208 2060 271 2147; x_wconf 70' lang='grc' dir='ltr'><strong><em>μὲν</em></strong></span> <span class='ocrx_word' id='word_1_139' title='bbox 285 2061 368 2148; x_wconf 83' lang='grc' dir='ltr'><strong><em>μετά</em></strong></span> <span class='ocrx_word' id='word_1_140' title='bbox 385 2059 470 2131; x_wconf 88' lang='grc' dir='ltr'><strong><em>λαδν</em></strong></span> <span class='ocrx_word' id='word_1_141' title='bbox 482 2060 620 2149; x_wconf 75' lang='grc' dir='ltr'><strong><em>Ἀχαιῶν</em></strong></span> <span class='ocrx_word' id='word_1_142' title='bbox 633 2061 885 2148; x_wconf 74' lang='grc' dir='ltr'><strong><em>χαλκοχιτώνων</em></strong></span> 
     </span>
     <span class='ocr_line' id='line_1_20' title="bbox 78 2159 736 2248; baseline -0.002 -20"><span class='ocrx_word' id='word_1_143' title='bbox 78 2165 173 2247; x_wconf 76' lang='grc' dir='ltr'><strong><em>ἔλθη,</em></strong></span> <span class='ocrx_word' id='word_1_144' title='bbox 189 2159 247 2228; x_wconf 80' lang='grc' dir='ltr'><strong><em>καὶ</em></strong></span> <span class='ocrx_word' id='word_1_145' title='bbox 264 2167 377 2248; x_wconf 84' lang='grc' dir='ltr'><strong><em>είπησι</em></strong></span> <span class='ocrx_word' id='word_1_146' title='bbox 392 2161 603 2230; x_wconf 86' lang='grc' dir='ltr'><strong><em>Ποσειδάωνι</em></strong></span> <span class='ocrx_word' id='word_1_147' title='bbox 618 2159 736 2228; x_wconf 77' lang='grc' dir='ltr'><strong><em>ἄνακτι</em></strong></span> 
     </span>
     <span class='ocr_line' id='line_1_21' title="bbox 78 2255 1015 2348; baseline 0.001 -23"><span class='ocrx_word' id='word_1_148' title='bbox 78 2257 299 2344; x_wconf 87' lang='grc' dir='ltr'><strong><em>παυσάμενον</em></strong></span> <span class='ocrx_word' id='word_1_149' title='bbox 313 2257 523 2348; x_wconf 88' lang='grc' dir='ltr'><strong><em>πολέμοιο</em></strong></span> <span class='ocrx_word' id='word_1_150' title='bbox 487 2285 527 2328; x_wconf 93' lang='grc' dir='ltr'><strong><em>τα</em></strong></span> <span class='ocrx_word' id='word_1_151' title='bbox 544 2256 566 2328; x_wconf 82' lang='grc' dir='ltr'><strong><em>ἀ</em></strong></span> <span class='ocrx_word' id='word_1_152' title='bbox 580 2259 664 2346; x_wconf 81' lang='grc' dir='ltr'><strong><em>πρὸς</em></strong></span> <span class='ocrx_word' id='word_1_153' title='bbox 679 2255 805 2345; x_wconf 76' lang='grc' dir='ltr'><strong><em>δώμαθ’</em></strong></span> <span class='ocrx_word' id='word_1_154' title='bbox 822 2263 963 2345; x_wconf 88' lang='grc' dir='ltr'><strong><em>ίκέσθαι,</em></strong></span> <span class='ocrx_word' id='word_1_155' title='bbox 1013 2329 1015 2334; x_wconf 74' lang='grc'><strong><em>,</em></strong></span> 
     </span>
     <span class='ocr_line' id='line_1_22' title="bbox 72 2352 971 2448; baseline 0.002 -23.021"><span class='ocrx_word' id='word_1_156' title='bbox 72 2354 214 2445; x_wconf 81' lang='grc' dir='ltr'><strong><em>Εκτορα</em></strong></span> <span class='ocrx_word' id='word_1_157' title='bbox 231 2355 262 2425; x_wconf 91' lang='grc' dir='ltr'><strong><em>δ</em></strong></span> <span class='ocrx_word' id='word_1_158' title='bbox 282 2352 447 2448; x_wconf 85' lang='grc' dir='ltr'><strong><em>ότρύνησι</em></strong></span> <span class='ocrx_word' id='word_1_159' title='bbox 461 2359 619 2448; x_wconf 89' lang='grc' dir='ltr'><strong><em>μάχηνές</em></strong></span> <span class='ocrx_word' id='word_1_160' title='bbox 603 2364 758 2446; x_wconf 80' lang='grc' dir='ltr'><strong><em>ςΦοῖβος</em></strong></span> <span class='ocrx_word' id='word_1_161' title='bbox 773 2355 971 2446; x_wconf 81' lang='grc' dir='ltr'><strong><em>Ἀπόλλων,</em></strong></span> 
     </span>
     <span class='ocr_line' id='line_1_23' title="bbox 78 2447 1041 2545; baseline 0.004 -23"><span class='ocrx_word' id='word_1_162' title='bbox 78 2447 172 2534; x_wconf 80' lang='grc' dir='ltr'><strong><em>αὖτις</em></strong></span> <span class='ocrx_word' id='word_1_163' title='bbox 192 2453 224 2522; x_wconf 85' lang='grc' dir='ltr'><strong><em>δ’</em></strong></span> <span class='ocrx_word' id='word_1_164' title='bbox 246 2456 452 2545; x_wconf 73' lang='grc' dir='ltr'><strong><em>ἐμπνεύσῃσι</em></strong></span> <span class='ocrx_word' id='word_1_165' title='bbox 470 2459 580 2545; x_wconf 88' lang='grc' dir='ltr'><strong><em>μένος,</em></strong></span> <span class='ocrx_word' id='word_1_166' title='bbox 600 2456 728 2544; x_wconf 88' lang='grc' dir='ltr'><strong><em>λελάθη</em></strong></span> <span class='ocrx_word' id='word_1_167' title='bbox 747 2453 779 2524; x_wconf 90' lang='grc' dir='ltr'><strong><em>δ’</em></strong></span> <span class='ocrx_word' id='word_1_168' title='bbox 799 2453 955 2526; x_wconf 84' lang='grc' dir='ltr'><strong><em>ὀδυνάων</em></strong></span> <span class='ocrx_word' id='word_1_169' title='bbox 1001 2472 1041 2526; x_wconf 75' lang='lat'><strong><em>66</em></strong></span> 
     </span>
     <span class='ocr_line' id='line_1_24' title="bbox 79 2553 992 2644; baseline 0.008 -22"><span class='ocrx_word' id='word_1_170' title='bbox 79 2557 113 2622; x_wconf 80' lang='grc' dir='ltr'><strong><em>αἳ</em></strong></span> <span class='ocrx_word' id='word_1_171' title='bbox 130 2559 199 2621; x_wconf 85' lang='grc' dir='ltr'><strong><em>νῦν</em></strong></span> <span class='ocrx_word' id='word_1_172' title='bbox 217 2581 296 2644; x_wconf 91' lang='grc' dir='ltr'><strong><em>μιν</em></strong></span> <span class='ocrx_word' id='word_1_173' title='bbox 278 2559 445 2642; x_wconf 90' lang='grc' dir='ltr'><strong><em>τείρουσι</em></strong></span> <span class='ocrx_word' id='word_1_174' title='bbox 464 2584 546 2628; x_wconf 91' lang='grc' dir='ltr'><strong><em>κατα</em></strong></span> <span class='ocrx_word' id='word_1_175' title='bbox 536 2555 701 2644; x_wconf 84' lang='grc' dir='ltr'><strong><em>φρένας,</em></strong></span> <span class='ocrx_word' id='word_1_176' title='bbox 722 2553 827 2644; x_wconf 86' lang='grc' dir='ltr'><strong><em>αάτάρ</em></strong></span> <span class='ocrx_word' id='word_1_177' title='bbox 843 2554 992 2643; x_wconf 78' lang='grc' dir='ltr'><strong><em>Ἀχαιούς</em></strong></span> 
     </span>
     <span class='ocr_line' id='line_1_25' title="bbox 80 2645 938 2744; baseline 0.002 -24"><span class='ocrx_word' id='word_1_178' title='bbox 80 2645 173 2733; x_wconf 82' lang='grc' dir='ltr'><strong><em>αὖτις</em></strong></span> <span class='ocrx_word' id='word_1_179' title='bbox 192 2647 456 2744; x_wconf 78' lang='grc' dir='ltr'><strong><em>ἀποστρέψῃσιν,</em></strong></span> <span class='ocrx_word' id='word_1_180' title='bbox 476 2654 639 2724; x_wconf 80' lang='grc' dir='ltr'><strong><em>ἀνάλκιδα</em></strong></span> <span class='ocrx_word' id='word_1_181' title='bbox 658 2655 803 2742; x_wconf 81' lang='grc' dir='ltr'><strong><em>φύζανέ</em></strong></span> <span class='ocrx_word' id='word_1_182' title='bbox 804 2654 938 2741; x_wconf 89' lang='grc' dir='ltr'><strong><em>υύρσας,</em></strong></span> 
     </span>
     <span class='ocr_line' id='line_1_26' title="bbox 80 2751 875 2843; baseline -0.003 -23"><span class='ocrx_word' id='word_1_183' title='bbox 80 2751 263 2838; x_wconf 81' lang='grc' dir='ltr'><strong><em>φεύγοντες</em></strong></span> <span class='ocrx_word' id='word_1_184' title='bbox 283 2751 314 2822; x_wconf 90' lang='grc' dir='ltr'><strong><em>δ’</em></strong></span> <span class='ocrx_word' id='word_1_185' title='bbox 337 2758 375 2824; x_wconf 92' lang='grc' dir='ltr'><strong><em>ἐν</em></strong></span> <span class='ocrx_word' id='word_1_186' title='bbox 396 2756 496 2843; x_wconf 77' lang='grc' dir='ltr'><strong><em>νηυσὶ</em></strong></span> <span class='ocrx_word' id='word_1_187' title='bbox 514 2753 712 2841; x_wconf 73' lang='grc' dir='ltr'><strong><em>πολυκλήϊσι</em></strong></span> <span class='ocrx_word' id='word_1_188' title='bbox 731 2757 875 2820; x_wconf 91' lang='grc' dir='ltr'><strong><em>πέσωσιν</em></strong></span> 
     </span>
     <span class='ocr_line' id='line_1_27' title="bbox 81 2848 906 2940; baseline -0.002 -22"><span class='ocrx_word' id='word_1_189' title='bbox 81 2855 248 2936; x_wconf 85' lang='grc' dir='ltr'><strong><em>Πηλείδεω</em></strong></span> <span class='ocrx_word' id='word_1_190' title='bbox 265 2849 466 2940; x_wconf 81' lang='grc' dir='ltr'><strong><em>Ἀχιλῆος·</em></strong></span> <span class='ocrx_word' id='word_1_191' title='bbox 451 2879 469 2922; x_wconf 93' lang='grc' dir='ltr'><strong><em>ο</em></strong></span> <span class='ocrx_word' id='word_1_192' title='bbox 490 2851 522 2921; x_wconf 87' lang='grc' dir='ltr'><strong><em>δ’</em></strong></span> <span class='ocrx_word' id='word_1_193' title='bbox 542 2851 699 2940; x_wconf 78' lang='grc' dir='ltr'><strong><em>ἀνστήσει</em></strong></span> <span class='ocrx_word' id='word_1_194' title='bbox 718 2848 758 2918; x_wconf 83' lang='grc' dir='ltr'><strong><em>δν</em></strong></span> <span class='ocrx_word' id='word_1_195' title='bbox 777 2853 906 2934; x_wconf 79' lang='grc' dir='ltr'><strong><em>ἑταῖρον</em></strong></span> 
     </span>
     <span class='ocr_line' id='line_1_28' title="bbox 84 2945 1034 3039; baseline -0.001 -22"><span class='ocrx_word' id='word_1_196' title='bbox 84 2950 293 3039; x_wconf 86' lang='grc' dir='ltr'><strong><em>Πάτροκλον·</em></strong></span> <span class='ocrx_word' id='word_1_197' title='bbox 314 2949 377 3020; x_wconf 88' lang='grc' dir='ltr'><strong><em>τδυ</em></strong></span> <span class='ocrx_word' id='word_1_198' title='bbox 397 2953 434 3020; x_wconf 72' lang='grc' dir='ltr'><strong><em>δὲ</em></strong></span> <span class='ocrx_word' id='word_1_199' title='bbox 452 2965 563 3021; x_wconf 80' lang='grc' dir='ltr'><strong><em>κτενεῖ</em></strong></span> <span class='ocrx_word' id='word_1_200' title='bbox 577 2956 665 3037; x_wconf 81' lang='grc' dir='ltr'><strong><em>ἐγχεῖ</em></strong></span> <span class='ocrx_word' id='word_1_201' title='bbox 682 2953 836 3036; x_wconf 85' lang='grc' dir='ltr'><strong><em>φαίδιμος</em></strong></span> <span class='ocrx_word' id='word_1_202' title='bbox 847 2945 973 3036; x_wconf 82' lang='grc' dir='ltr'><strong><em>Ἕκτωρ</em></strong></span> <span class='ocrx_word' id='word_1_203' title='bbox 1001 2961 1034 3016; x_wconf 82' lang='lat'><strong><em>65</em></strong></span> 
     </span>
     <span class='ocr_line' id='line_1_29' title="bbox 79 3043 951 3144; baseline 0.005 -28"><span class='ocrx_word' id='word_1_204' title='bbox 79 3053 171 3118; x_wconf 78' lang='grc' dir='ltr'><strong><em>Ἰλίου</em></strong></span> <span class='ocrx_word' id='word_1_205' title='bbox 190 3051 416 3138; x_wconf 83' lang='grc' dir='ltr'><strong><em>προπάροιθε,</em></strong></span> <span class='ocrx_word' id='word_1_206' title='bbox 438 3054 559 3144; x_wconf 72' lang='grc' dir='ltr'><strong><em>πολέας</em></strong></span> <span class='ocrx_word' id='word_1_207' title='bbox 577 3045 723 3119; x_wconf 84' lang='grc' dir='ltr'><strong><em>ὀλέσαντ’</em></strong></span> <span class='ocrx_word' id='word_1_208' title='bbox 744 3043 881 3134; x_wconf 76' lang='grc' dir='ltr'><strong><em>αἰζηοὺς</em></strong></span> <span class='ocrx_word' id='word_1_209' title='bbox 948 3113 951 3120; x_wconf 96' lang='grc'>.</span> 
     </span>
     <span class='ocr_line' id='line_1_30' title="bbox 80 3141 987 3237; baseline -0.007 -23"><span class='ocrx_word' id='word_1_210' title='bbox 80 3145 156 3229; x_wconf 82' lang='grc' dir='ltr'><strong><em>τούς</em></strong></span> <span class='ocrx_word' id='word_1_211' title='bbox 172 3147 308 3237; x_wconf 83' lang='grc' dir='ltr'><strong><em>ἀλλους,</em></strong></span> <span class='ocrx_word' id='word_1_212' title='bbox 329 3147 410 3237; x_wconf 78' lang='grc' dir='ltr'><strong><em>μετά</em></strong></span> <span class='ocrx_word' id='word_1_213' title='bbox 433 3146 465 3218; x_wconf 86' lang='grc' dir='ltr'><strong><em>δ’</em></strong></span> <span class='ocrx_word' id='word_1_214' title='bbox 486 3145 564 3217; x_wconf 89' lang='grc' dir='ltr'><strong><em>υίδν</em></strong></span> <span class='ocrx_word' id='word_1_215' title='bbox 582 3145 663 3235; x_wconf 88' lang='grc' dir='ltr'><strong><em>έμδν</em></strong></span> <span class='ocrx_word' id='word_1_216' title='bbox 681 3141 886 3232; x_wconf 89' lang='grc' dir='ltr'><strong><em>Σαρπηδόνα</em></strong></span> <span class='ocrx_word' id='word_1_217' title='bbox 906 3147 987 3210; x_wconf 87' lang='grc' dir='ltr'><strong><em>δῖον.</em></strong></span> 
     </span>
     <span class='ocr_line' id='line_1_31' title="bbox 69 3239 1015 3334; baseline -0.006 -22"><span class='ocrx_word' id='word_1_218' title='bbox 69 3255 137 3328; x_wconf 86' lang='grc' dir='ltr'><strong><em>τού</em></strong></span> <span class='ocrx_word' id='word_1_219' title='bbox 156 3247 193 3316; x_wconf 72' lang='grc' dir='ltr'><strong><em>δέ</em></strong></span> <span class='ocrx_word' id='word_1_220' title='bbox 211 3247 448 3334; x_wconf 84' lang='grc' dir='ltr'><strong><em>χολωσάμενος</em></strong></span> <span class='ocrx_word' id='word_1_221' title='bbox 466 3260 576 3316; x_wconf 79' lang='grc' dir='ltr'><strong><em>κτενεῖ</em></strong></span> <span class='ocrx_word' id='word_1_222' title='bbox 583 3245 724 3331; x_wconf 84' lang='grc' dir='ltr'><strong><em>Ἕκτορα</em></strong></span> <span class='ocrx_word' id='word_1_223' title='bbox 746 3249 814 3320; x_wconf 88' lang='grc' dir='ltr'><strong><em>δῖος</em></strong></span> <span class='ocrx_word' id='word_1_224' title='bbox 829 3239 1015 3326; x_wconf 77' lang='grc' dir='ltr'><strong><em>Ἀχιλλεύς.</em></strong></span> 
     </span>
     <span class='ocr_line' id='line_1_32' title="bbox 81 3337 913 3424; baseline -0.008 -13"><span class='ocrx_word' id='word_1_225' title='bbox 81 3346 114 3412; x_wconf 91' lang='grc' dir='ltr'><strong><em>ἐκ</em></strong></span> <span class='ocrx_word' id='word_1_226' title='bbox 132 3353 194 3414; x_wconf 86' lang='grc' dir='ltr'><strong><em>τού</em></strong></span> <span class='ocrx_word' id='word_1_227' title='bbox 214 3343 293 3413; x_wconf 75' lang='grc' dir='ltr'><strong><em>δ”</em></strong></span> <span class='ocrx_word' id='word_1_228' title='bbox 269 3373 315 3414; x_wconf 92' lang='grc' dir='ltr'><strong><em>αν</em></strong></span> <span class='ocrx_word' id='word_1_229' title='bbox 333 3371 387 3414; x_wconf 96' lang='grc' dir='ltr'><strong><em>τοι</em></strong></span> <span class='ocrx_word' id='word_1_230' title='bbox 405 3351 516 3416; x_wconf 80' lang='grc' dir='ltr'><strong><em>ἔπειτα</em></strong></span> <span class='ocrx_word' id='word_1_231' title='bbox 535 3349 695 3424; x_wconf 85' lang='grc' dir='ltr'><strong><em>παλίωξιν</em></strong></span> <span class='ocrx_word' id='word_1_232' title='bbox 713 3337 802 3424; x_wconf 86' lang='grc' dir='ltr'><strong><em>παρά</em></strong></span> <span class='ocrx_word' id='word_1_233' title='bbox 824 3363 913 3424; x_wconf 89' lang='grc' dir='ltr'><strong><em>υηων</em></strong></span> 
     </span>
     <span class='ocr_line' id='line_1_33' title="bbox 82 3438 1037 3586; baseline -0.005 -75"><span class='ocrx_word' id='word_1_234' title='bbox 82 3444 148 3512; x_wconf 72' lang='grc' dir='ltr'><strong><em>αδν</em></strong></span> <span class='ocrx_word' id='word_1_235' title='bbox 166 3441 233 3530; x_wconf 79' lang='grc' dir='ltr'><strong><em>ἐμω</em></strong></span> <span class='ocrx_word' id='word_1_236' title='bbox 253 3444 404 3533; x_wconf 88' lang='grc' dir='ltr'><strong><em>τεύχοιμι</em></strong></span> <span class='ocrx_word' id='word_1_237' title='bbox 424 3444 612 3533; x_wconf 70' lang='grc' dir='ltr'><strong><em>διαμπερὲς,</em></strong></span> <span class='ocrx_word' id='word_1_238' title='bbox 633 3438 730 3512; x_wconf 78' lang='grc' dir='ltr'><strong><em>εἰσότ’</em></strong></span> <span class='ocrx_word' id='word_1_239' title='bbox 749 3438 867 3586; x_wconf 54' lang='grc' dir='ltr'><strong><em>Ἀχιαιοδ</em></strong></span> <span class='ocrx_word' id='word_1_240' title='bbox 1001 3455 1037 3509; x_wconf 84' lang='grc'><strong><em>70</em></strong></span> 
     </span>
    </p>
   </div>
   <div class='ocr_carea' id='block_1_4' title="bbox 124 3538 331 3596">
    <p class='ocr_par' dir='ltr' id='par_1_6' title="bbox 124 3538 331 3596">
     <span class='ocr_line' id='line_1_34' title="bbox 124 3538 331 3596; baseline 0.015 -6"><span class='ocrx_word' id='word_1_241' title='bbox 124 3538 234 3594; x_wconf 81' lang='lat' dir='ltr'><strong>Homeri</strong></span> <span class='ocrx_word' id='word_1_242' title='bbox 256 3541 331 3596; x_wconf 80' lang='lat' dir='ltr'>Ilias.</span> 
     </span>
    </p>
   </div>
   <div class='ocr_carea' id='block_1_5' title="bbox 0 0 1208 3920">
    <p class='ocr_par' dir='ltr' id='par_1_7' title="bbox 0 0 1208 3920">
     <span class='ocr_line' id='line_1_35' title="bbox 0 0 1208 3920; baseline 0 1"><span class='ocrx_word' id='word_1_243' title='bbox 0 0 1208 3920; x_wconf 95' lang='lat' dir='ltr'><strong><em> </em></strong></span> 
     </span>
    </p>
   </div>
  </div>
 </body>
</html>
