2438 3918
326 305 331 310 ’
378 297 598 358 ΙΛΙΑΔΟΣ
621 299 694 358 ΧΙΧ.
951 294 1013 358 395

48 451 137 544 αύτή
160 453 198 523 δέ
216 451 302 544 πρὸς
320 453 446 544 πατρὸς
464 459 656 541 ἐρισθενέος
674 455 820 527 πυκινόν
839 457 887 526 δύ
961 472 1013 528 355

49 547 169 644 ᾤχετοζ
199 559 251 622 τολ
266 552 304 623 δ’
325 551 499 623 ἀπάνευθε
518 565 606 625 νεῶν
625 559 754 645 ἐχέοντο
773 557 899 626 θοάων.

49 650 97 733 ἀς
113 650 147 721 δ’
164 651 221 722 ὅτε
237 655 392 741 ταρφειαὶ
407 655 548 741 νιφάδες
562 656 645 735 Διός
661 658 881 743 ἐκποτέονται,

47 755 188 838 ψυχραὶ,
205 747 272 821 ύπὸ
288 754 387 839 όιπης
403 757 622 842 αἰθρηγενέος
636 757 774 844 Βορέαο,

48 848 95 930 οδς
110 849 190 919 τότε
206 853 362 938 ταρφειαὶ
377 852 525 938 κόρυθες
540 853 694 942 λαμπρόν
708 855 879 943 γανόωσαι

47 959 145 1038 νηῶν
160 954 376 1039 ἐκφορέοντο,
393 954 450 1021 καλ
465 949 602 1034 ἀσπιδες
616 953 845 1042 ὀμφαλόεσσαι
959 969 1012 1024 360

47 1051 209 1138 θώρηκές
224 1075 261 1118 τε
276 1052 515 1140 κραταιγύαλοι
531 1054 586 1121 καὶ
602 1061 732 1140 μείλινα
749 1059 865 1143 δοῦρα.

47 1158 150 1236 αι’γλη
168 1148 201 1217 δ’
219 1147 369 1235 ούρανδν
384 1145 445 1238 ἷκε,
462 1155 600 1237 γέλασσε
616 1151 653 1221 δὲ
668 1160 758 1221 πᾶσα
773 1155 848 1242 περὶ
861 1151 957 1239 χθάν

46 1254 178 1335 χαλκοῦ
194 1246 261 1316 ὑπὸ
279 1257 457 1338 στεροπῆς·
474 1247 541 1318 ύπδ
559 1251 595 1320 δὲ
609 1249 734 1330 κτύπος
746 1249 876 1338 όόρνυτο
892 1251 1013 1320 ποσσὶν
1042 1277 1060 1295 f

47 1347 204 1438 ἀνδρῶν·
220 1350 259 1416 ἐν
276 1349 312 1416 δέ
328 1351 457 1436 μέσοισι
471 1349 654 1434 κορύσσετο
672 1355 742 1430 δῖος
755 1349 928 1437 Ἀχιλλεύς.

48 1454 121 1532 [τοῦ
139 1449 197 1516 καὶ
212 1446 365 1518 ὀδόντων
379 1448 443 1536 μὲν
457 1445 584 1537 καναχὴ
602 1451 694 1519 πέλε·
711 1447 757 1517 wi
770 1452 809 1517 δέ
822 1454 857 1518 οί
870 1448 950 1519 όσσε
960 1463 1012 1519 365

47 1549 254 1635 λαμπέσθην
269 1544 351 1616 ὡσεί
362 1573 398 1616 τε
414 1545 519 1635 πυρὸς
537 1550 643 1635 σέλας,
661 1551 698 1616 έν
715 1551 753 1615 δέ
766 1551 800 1616 οί
813 1540 894 1634 ήτορ

47 1644 118 1716 δῦν’
141 1647 222 1734 ἀχος
239 1645 397 1734 ἀτλητον·
414 1643 433 1716 ὁ
451 1643 483 1714 δ’
501 1645 567 1733 ἀρα
586 1647 717 1734 Τρωσὶν
734 1651 920 1734 μενεαίνων

47 1747 172 1816 δύσετο
191 1751 284 1832 δῶρα
300 1756 397 1835 θεοῦ,
413 1744 455 1814 τά
471 1750 505 1815 οί
515 1745 698 1834 Ἥφαιστος
714 1744 799 1832 κάμε
815 1744 963 1831 τεύχων]

47 1850 216 1934 κνημῖδας
232 1845 295 1933 μὲν
312 1853 429 1942 πρῶτα
446 1847 521 1932 περὶ
537 1847 704 1934 κνήμῃσιν
722 1851 845 1932 έθηκεν

46 1938 166 2031 καλάς,
199 1946 404 2032 ’ργυρέοισιν
420 1949 629 2032 ἐπισφυρίοις
646 1942 821 2030 ἀραρυίας·
961 1957 1013 2013 3⁷0
1138 1931 1142 1934 ’

47 2044 215 2130 δεύτερον
231 2037 278 2112 αὖ
293 2043 436 2131 θύρηκα
451 2047 527 2131 περὶ
544 2044 725 2130 στήθεσσιν
744 2049 872 2112 ἔδυνεν.

46 2141 136 2231 ἀμφὶ
152 2140 186 2210 δ’
207 2140 260 2230 ἀρ’
279 2142 421 2229 όίμοισιν
437 2143 556 2230 βάλετο
575 2149 669 2229 ξίφος
686 2139 898 2228 ἀργυρόηλον

46 2243 209 2329 χάλκεον·
232 2239 340 2328 αύτάρ
357 2246 469 2310 ἔπειτα
486 2241 589 2321 σάκος
606 2243 689 2328 μέγα
705 2264 741 2308 τε
759 2239 920 2326 στιβαρόν
936 2265 971 2307 τε

47 2345 165 2429 εἵλετο,
184 2347 248 2410 τοῦ
265 2337 300 2406 δ’
319 2337 494 2408 ἀπάνευθε
511 2344 607 2419 σέλας
621 2335 724 2425 γένετ’
741 2334 822 2425 ήύτε
839 2338 954 2426 μήνης.

48 2438 90 2519 ὡς
108 2437 144 2508 δ’
163 2435 213 2508 ὅτ’
231 2433 277 2507 ἀν
292 2440 330 2507 ἐκ
348 2437 485 2508 πόντοιο
505 2441 601 2519 σέλας
618 2439 759 2528 ναύτησι
776 2439 889 2528 φανήη
961 2454 1013 2510 375

47 2543 243 2626 καιομένοιο
261 2538 385 2626 πυρός·
406 2535 445 2606 τό
464 2538 501 2607 δέ
518 2542 644 2605 καίεται
660 2534 762 2618 ὑψόθ’
780 2536 922 2625 όρεσφιν

46 2642 194 2726 σταθμῷ
212 2639 250 2704 έν
269 2635 429 2726 οίοπόλφ·
448 2633 528 2716 τούς
545 2632 577 2703 δ’
592 2633 655 2703 ούκ
673 2636 851 2716 ἐθέλοντας
866 2635 982 2706 ἀελλαι

45 2737 180 2807 πόντον
196 2732 246 2804 ἐπ’
268 2734 450 2822 ἰχθυόεντα
466 2741 576 2822 φίλων
592 2733 766 2804 ἀπάνευθε
784 2736 960 2822 φέρουσιν·

47 2834 90 2917 ἀς
109 2830 165 2904 ἀπ’
185 2832 354 2922 Ἀχιλλῆος
371 2835 491 2915 σάκεος
507 2838 604 2914 σέλας
622 2833 727 2922 αἰθέρ’
745 2839 861 2903 ἵκανεν

45 2943 157 3005 καλοῦ
188 2937 378 3004 δαιδαλέου.
411 2927 487 3023 περὶ
504 2936 541 3004 δέ
557 2935 763 3022 τρυφάλειαν
781 2932 892 3022 ἀείρας
960 2950 1013 3006 380

45 3038 144 3120 κρατὶ
160 3034 244 3103 θέτο
262 3031 421 3121 βριαρήν·
442 3030 464 3121 ή
483 3031 516 3101 δ’
532 3030 636 3119 ἀστήρ
655 3029 699 3112 ἀς
714 3031 907 3120 ἀπέλαμπεν

45 3138 208 3220 ἵππουρις
225 3132 430 3220 τρυφάλεια,
453 3137 680 3218 περισσείοντο
698 3127 729 3197 δ’
750 3135 901 3221 ἐθειραι·

46 3234 201 3320 χρύσεαι,
222 3227 262 3310 ἀς
275 3229 461 3318 Ἥφαιστος
476 3235 520 3299 ἵει
535 3230 646 3318 λόφον
662 3227 748 3316 ἀμφὶ
763 3229 914 3317 θαμειάς.

45 3331 198 3420 πειρήθη
218 3329 252 3397 δ’
271 3331 308 3398 ἕο
328 3328 435 3399 αύτοῦ
452 3332 490 3398 ἐν
506 3335 615 3399 ένιεσι
633 3335 702 3408 δῖος
716 3326 893 3416 Ἀχιλλεύς,

46 3437 77 3500 εί
94 3425 132 3501 οἷ
146 3430 376 3518 ἐφαρμόσσειε
393 3432 450 3499 καὶ
468 3431 613 3516 ἐντρέχοι
631 3425 739 3514 ἀγλαά
756 3441 850 3513 γυῖα·
962 3445 1014 3501 335

45 3538 94 3622 τῷ
112 3529 147 3600 δ’
166 3523 244 3600 εύτε
262 3528 365 3618 πτερά
383 3527 515 3617 γίγνετ’,
533 3529 623 3614 ἀειρε
641 3526 677 3596 δέ
694 3529 835 3612 ποιμένα
850 3528 953 3594 λαιόν.
