2438 3918
389 200 612 261 εκικκοε
637 203 711 260 xv1.
967 202 1025 268 εεε

65 358 172 445 αὐταρ
189 357 207 430 ὁ
222 368 407 450 Πατροκλφ
423 364 525 447 ἔφεπε
541 360 794 449 κρατερώνυχας
810 368 940 446 ἵππους.

66 459 259 542 Πάτροκλος
274 457 306 527 δ’
324 461 490 542 ἑτέρωθεν
506 455 560 545 άφ’
578 463 690 528 ίπποιυ
705 454 784 530 ἆλτο
799 469 922 550 χαμᾶζε

64 567 162 648 σκαιῇ
178 564 272 647 ἔγχος
287 564 386 646 ἔχων·
402 563 537 647 ἑτέρηφι
553 559 590 628 δὲ
605 560 716 641 λάζετο
733 565 855 648 πέτρον

63 659 242 747 μάρμαρον
269 657 455 748 όκριόενθ’,
483 661 525 729 ὅν
550 664 584 730 οί
596 663 671 745 περὶ
684 663 753 747 χείρ
770 662 946 746 ἐκάλυψεν.
969 678 1021 736 ⁸1³⁵

63 751 122 845 ἧκε
139 757 171 827 δ’
190 760 412 848 ἐρεισάμενος,
430 757 510 829 οάδέ
525 759 589 846 δήν
603 759 715 846 χάζετο
731 759 851 847 φωτὸς,

62 855 136 926 οὐδ’
154 855 277 928 ᾶλίωσε
291 860 397 946 βέλος,
414 859 496 946 βάλε
513 857 542 926 δ’
554 858 710 946 Ἕκτορος
723 857 872 950 ἡνιοχῆα,

61 958 264 1046 Κεβριόνην,
281 957 391 1028 νόθον
405 956 483 1027 υίόυ
499 955 665 1045 ἀγακλῆος
679 959 855 1045 Πριάμοιο,

61 1062 171 1124 ἵππων
186 1053 256 1144 ἡνί’
274 1063 402 1144 έχοντα,
419 1057 586 1144 μετάπων
602 1055 669 1138 ὀξέι
682 1066 745 1126 λᾶϊ.

62 1154 251 1242 άμφοτέρας
266 1155 299 1224 δ’
316 1154 427 1243 ὀφρῦς
441 1157 584 1226 σύνελεν
599 1163 705 1245 λίθος,
722 1155 804 1227 οὐδέ
817 1163 852 1227 οί
860 1165 954 1246 ἐσχεν
965 1175 1018 1232 740

61 1253 186 1342 ι’στέου,
203 1252 376 1343 ὀφθαλμοὶ
391 1255 428 1324 δὲ
443 1260 542 1343 χαμαὶ
558 1257 662 1325 πέσον
678 1260 714 1326 ἐν
729 1265 882 1346 κονίῃσιν

61 1352 163 1424 αὐτοῦ
181 1355 314 1443 πρόσθε
330 1359 462 1424 ποδοῖν·
478 1353 496 1424 ὁ
514 1353 544 1423 δ’
564 1354 613 1441 ἄρ’
632 1353 811 1445 ἀρνευτῆρι
825 1362 941 1438 έοικως

60 1453 201 1523 κάππεσ’
218 1451 272 1522 ᾶπ’
294 1452 449 1542 εὐεργέος
463 1460 598 1547 δίφρου,
614 1461 687 1524 λίπε
704 1454 738 1524 δ’
754 1453 852 1524 ὀστέα
867 1457 987 1544 θυμός.

60 1550 163 1622 τόνδ’
184 1556 429 1642 ἐπικερτομέων
445 1557 624 1642 προσέφης,
640 1556 843 1642 Πατρόκλεις
858 1560 960 1625 ίππεῦ

95 1647 154 1741 ,Ὠ
172 1654 287 1739 πόποι,
304 1645 326 1740 ή
342 1651 416 1740 μάλ’
433 1652 576 1741 ἐλαφρὸς
592 1652 693 1742 ᾶνήρ·
718 1653 761 1735 ὥς
777 1653 848 1741 ρελα
863 1663 1014 1746 κυβιστᾷ.

60 1759 85 1821 εί
99 1753 140 1842 δή
155 1779 228 1822 που
243 1755 299 1822 καὶ
315 1755 428 1844 πόντφ
444 1757 482 1822 ἐν
497 1753 667 1840 ίχθυόεντι
681 1756 820 1841 γένοιτο,
963 1767 1013 1824 746

59 1853 201 1935 πολλοὺς
216 1850 261 1924 ᾶν
276 1845 448 1938 κορέσειεν
462 1852 548 1942 άνῆρ
564 1853 621 1922 όδε
637 1854 742 1941 τήθεα
758 1859 884 1940 διφᾶν,

59 1951 133 2042 νηός
148 1952 400 2043 ᾶποθράσκων,
418 1959 447 2022 ελ
461 1956 517 2024 καὶ
533 1955 762 2040 δυσπέμφελος
779 1963 838 2038 είη,

60 2050 99 2133 ᾶς
114 2061 186 2122 νῦν
202 2058 240 2123 ἐν
255 2059 357 2144 πεδίφ
375 2057 407 2134 ἐξ
422 2057 535 2122 ἳππων
550 2056 621 2140 ῥεῖα
637 2058 786 2140 κυβιστᾷ.

59 2144 77 2239 ἦ
91 2156 131 2241 βα
147 2155 208 2222 καὶ
223 2157 261 2222 ἐν
280 2152 431 2243 Τρεόεσσι
445 2160 681 2242 κυβιστητῆρες
698 2158 823 2220 ἕασιν.“
962 2165 1012 2221 750

97 2249 158 2332 Ὣς
176 2248 283 2320 είπιδν
298 2255 351 2320 ἐπὶ
367 2253 537 2341 Κεβριόνη
552 2251 639 2340 ήρωλ
652 2253 797 2340 βεβήκει,

59 2351 128 2440 οίμα
145 2355 284 2432 λέοντος
299 2357 394 2440 ἔχων,
412 2351 488 2421 ὅστε
505 2350 677 2439 σταθμοὺς
691 2357 851 2436 κεραΐζων

59 2458 171 2541 ἐβλητο
189 2451 274 2538 πρὸς
290 2459 426 2541 στῆθος,
443 2452 480 2540 ἐή
496 2455 532 2520 τέ
546 2479 605 2539 μιν
622 2450 745 2520 ὤλεσεν
759 2446 858 2536 άλκή·

60 2550 97 2632 ὃς
113 2555 166 2623 ἐπὶ
182 2553 366 2643 Κεβριόνη,
382 2553 598 2636 Πατρόκλεις,
614 2543 696 2620 ἆλσο
712 2548 852 2635 μεμαώς.

51 2648 172 2742 Ἕκτωρ
190 2653 222 2722 δ’
242 2645 320 2721 αὖθ’
340 2655 507 2737 ἑτέρωθεν
521 2649 575 2738 άφ’
594 2654 706 2718 ἵππων
722 2643 802 2718 ᾶλτο
818 2653 947 2734 χαμᾶζε.
959 2662 1010 2718 ⁷55

58 2749 97 2820 τά
113 2755 190 2839 περὶ
205 2753 397 2840 Κεβριόναο
414 2748 525 2820 λέονθ’
545 2749 589 2830 άίς
606 2747 821 2836 δηρινθήτην,

58 2849 103 2918 δέ
121 2852 220 2939 όρεος
235 2857 408 2940 κορυφῇσι
424 2853 499 2936 περὶ
515 2851 676 2936 κταμένης
691 2847 837 2932 ἐλάφοιο,

58 2950 151 3039 άμφω
168 2950 357 3038 πεινάοντε,
375 2951 459 3038 μέγα
476 2954 657 3039 φρονέοντε
671 2947 855 3034 μάχεσθον·

58 3048 96 3130 ἐς
109 3055 186 3141 περὶ
201 3050 395 3140 Κεβριόναο
412 3051 483 3118 δύω
498 3050 667 3136 μήστωρες
682 3046 793 3137 άϋτῆς,

56 3152 246 3237 Πάτροκλός
261 3177 298 3221 τε
315 3152 542 3237 Μενοιτιάδης
556 3151 612 3218 καὶ
628 3145 927 3235 φαίδιμοςἝκτωρ,
957 3161 1007 3218 76ο

54 3254 127 3320 ἵεντ’
142 3251 301 3342 ᾶλλήλων
316 3253 450 3339 ταμέειν
465 3251 549 3337 χρόα
565 3252 659 3335 νηλέλ
672 3255 791 3336 χαλκῷ.

49 3349 167 3443 Ἕκτωρ
185 3353 249 3443 μέν
265 3360 459 3439 κεφαλῆφιν
474 3351 543 3418 ἐπεὶ
559 3349 671 3436 λάβεν,
688 3344 761 3432 οὐχὶ
777 3349 900 3431 μεθίει·

58 3461 244 3542 Πάτροκλος
261 3451 295 3522 δ’
315 3455 482 3538 ἑτέρωθεν
498 3455 571 3536 ἐχεν
586 3445 702 3526 ποδός
720 3446 754 3511 οί
767 3443 803 3511 δὲ
819 3443 860 3529 δή
877 3440 968 3510 ᾶλλοι
