2492 3920
491 213 702 265 rasnrrmo.
1056 215 1091 264 ιχ

101 376 212 436 Verum
227 373 305 432 haec
328 391 449 451 quoque
462 391 568 451 parum
586 371 706 433 subtilis
722 373 869 432 correctio
885 381 939 434 cst
969 371 1048 432 Nam
1064 379 1096 432 et

101 449 174 534 ὑμᾶς
197 459 321 535 longius
341 475 432 536 quam
454 475 529 535 opus
550 465 617 516 crat
637 456 675 516 ab
697 457 784 517 initio
806 457 979 518 sentcntiae
999 475 1093 516 remo·

102 551 159 601 tum
180 551 309 602 estnec
336 539 503 620 quidquam
529 560 656 600 caussae
682 551 747 600 erat
768 561 820 601 cur
840 559 960 602 versum
981 541 1012 600 in
1034 550 1094 602 uss

100 634 200 706 partes
217 624 365 721 aequales
382 623 513 684 divisum
527 625 645 684 iaceret
659 633 752 724 poeta

180 709 269 780 ποίας
283 729 397 786 πατρας
415 695 457 791 Ι
439 729 478 766 αν
493 727 513 783 η
499 697 631 786 γίνους
649 701 690 792 Ι
674 709 752 785 ομᾶς
766 705 846 784 ποιί,

100 814 189 873 quum
219 794 251 853 in
285 801 426 872 promptu
462 801 544 852 esset
573 795 706 853 numeris
733 794 827 854 multo
857 792 1095 872 elegantioribus

101 877 232 938 scribere

181 959 269 1029 ποίας
283 946 323 1017 διν
337 949 415 1034 ὑμᾶς
430 959 570 1037 πατρίδος
584 947 604 1035 ἢ
618 956 723 1038 γίνοας
737 959 824 1032 ποτί,

99 1047 175 1106 utin
189 1044 367 1120 Antigonae
382 1063 413 1105 v.
428 1042 501 1106 569.
516 1065 579 1105 non
592 1045 713 1124 scripsit
727 1045 810 1125 qnod
825 1043 958 1106 inlibris
973 1043 1095 1123 legitur,

100 1131 189 1190 etiam
204 1139 280 1188 sono
294 1129 428 1222 ingrato,

182 1203 329 1289 ἀρώσιμοι
347 1199 404 1294 Ι
370 1231 428 1289 γαρ
442 1202 573 1292 pricipes
592 1208 598 1295 Ι
617 1207 691 1271 εἰσίν
706 1205 794 1290 γύαι,

99 1297 153 1358 seri
168 1294 251 1393 quod
267 1315 323 1373 ego
338 1296 473 1372 restitui,

181 1370 329 1456 ἀρώσιμοι
341 1373 399 1458 γάρ
415 1342 473 1438 είσί
485 1370 669 1456 χδτίραν’
630 1400 711 1458 your

100 1466 218 1526 Nomen
233 1472 335 1524 eutem
348 1461 488 1542 πατρίδος
510 1463 641 1525 eadcm'
633 1485 664 1524 ιιι
680 1462 754 1524 sede
770 1463 897 1524 trimetri
916 1461 1011 1523 tribus
1027 1463 1096 1522 aliis

99 1549 219 1609 inlocis
237 1547 415 1620 collocavit,
433 1547 511 1610 Oed.
526 1549 565 1610 R.
582 1547 655 1608 641.
673 1545 744 1609 825.
777 1546 854 1610 Ocd.
872 1547 938 1608 001.
955 1544 1027 1608 428.

181 1620 202 1708 ἢ
218 1632 274 1734 γῆς
289 1621 407 1690 ἆποῖσαι
423 1620 616 1707 πατρίδος,
597 1652 617 1708 η
633 1636 747 1692 κτεῖναι
763 1623 873 1709 λαβών.

181 1708 255 1815 μηδ’
279 1709 451 1858 ἐμβατεύειν
465 1705 656 1795 πατρίδος,”
636 1737 656 1792 η
670 1709 777 1794 γάμοις
792 1735 827 1793 με
843 1715 897 1776 δεῖ.

181 1821 278 1871 ουτως
290 1790 341 1860 ἆτί
340 1823 401 1876 μοις
415 1799 555 1880 πατρίδος
569 1795 785 1879 ίξοιθονμτνον.

97 1884 166 1943 Ηοο
188 1885 295 1962 igitur
301 1885 495 1946 Philoctetae
520 1904 643 1966 qnoque
670 1886 773 1946 versui
800 1883 1021 1944 restituendum
1050 1891 1097 1944 est

98 1987 155 2027 nec
170 1968 343 2028 mirandum
356 1967 513 2048 πατρίδος,
528 1989 621 2049 quum
635 1979 688 2031 aut
701 1979 770 2050 post
784 1967 871 2040 ποίας
887 1969 1073 2046 trajectum'
1065 1987 1096 2026 ιιι

98 2061 186 2112 textu
201 2063 254 2112 sut
267 2053 468 2134 suppletum'
460 2075 493 2114 ιιι
513 2055 649 2133 margine
670 2065 765 2130 essct,
795 2055 827 2114 in
841 2053 967 2112 formam
990 2050 1096 2112 iambi-

99 2157 165 2195 cam
183 2155 298 2215 πατρας
318 2157 384 2198 esse
405 2147 570 2214 mutatum,
596 2159 675 2219 quae
698 2138 756 2199 dno
775 2139 900 2197 nomina
915 2138 1006 2196 ctiam
1022 2135 1095 2194 alib'

98 2219 250 2280 interdum
251 2229 436 2318 permutata
451 2223 490 2281 ab
505 2223 636 2284 librariis
652 2233 731 2284 sunt.
761 2220 858 2282 Aliud
880 2221 1008 2300 correpti
1028 2239 1097 2298 pro·

98 2305 228 2448 pqpripis
243 2297 322 2382 ὑμᾶς
344 2307 518 2386 exemplum
546 2308 617 2368 olim
644 2309 757 2368 lectum
780 2305 862 2386 apud
883 2303 1097 2382 'l'heognidem

181 2469 233 2530 παὶ
250 2465 405 2574 Σμυρνην
420 2466 554 2552 πάντας,
570 2467 685 2554 Κύρνε,
701 2464 787 2532 παί”
766 2493 864 2550 ομμας
880 2463 957 2547 ὀλεῖ,

98 2557 130 2613 in
145 2557 215 2616 aliis
231 2547 348 2617 libris‘
331 2557 411 2635 ομᾶς
422 2561 583 2660 scriptum,
607 2580 689 2620 nunc
704 2567 808 2618 rectae
824 2559 916 2618 cessit
930 2557 1098 2634 scripturae

98 2658 137 2698 ex
153 2640 261 2702 codice
275 2643 480 2704 vetustissimo
495 2644 654 2704 restitutae
671 2665 734 2720 ομμ
736 2632 874 2702 ’almiri
906 2640 1028 2738 Orpheo
1045 2637 1097 2697 de·

97 2725 192 2803 nique
217 2727 250 2785 in
275 2725 492 2805 Argonauticis
517 2723 600 2803 819„
629 2729 679 2788 cui
706 2726 868 2786 barbarum
893 2713 1020 2786 istnd''
999 2741 1098 2800 αμμας

97 2805 304 2871 Schneidcrus
320 2810 425 2871 intulit
437 2831 493 2890 pro
509 2832 544 2871 eo
560 2811 666 2892 quod'
657 2833 689 2872 m
704 2811 789 2871 libris
805 2819 865 2885 est,

183 2886 380 2972 φράζετον”
344 2915 454 2966 οιτινες
468 2891 593 2971 ἐστὲ,τί
579 2892 637 2956 lot
652 2885 767 2975 χρίος’
751 2917 830 2971 νμας
847 2855 946 2952 ίιιᾶνει

184 2974 217 3036 ἔτι
232 2983 331 3038 ποθεν
345 2974 527 3056 ἕίδομίνοισι
542 2989 600 3043 etc.

96 3078 198 3164 neque
219 3045 302 3139 ὗμας
329 3084 478 3125 naccum
502 3055 682 3140 Gesnero''
662 3085 755 3142 ομμιν
776 3059 1014 3131 restituendum,
1041 3057 1096 3118 scd

96 3129 185 3221 ὗμιν,
201 3148 281 3208 inter
296 3168 373 3228 quus
390 3149 501 3210 formas
518 3151 611 3209 etiam
624 3148 706 3228 apud
719 3149 886 3208 Homerum
899 3145 970 3205 libri
987 3146 1030 3204 ita
1043 3161 1097 3202 va·

94 3226 179 3288 riano
203 3240 239 3291 ιιι
263 3233 358 3292 facile
386 3242 533 3314 appareat
559 3254 617 3294 nec
639 3233 851 3312 grammaticos
875 3250 934 3290 nec
957 3228 1097 3288 librarios

96 3313 252 3391 cognitum
272 3316 417 3378 habuisse
445 3318 555 3419 quibus
583 3317 704 3396 legibus
727 3318 890 3377 formarum
914 3311 1098 3391 pronominis

93 3393 295 3461 Aeolicamm
309 3421 384 3462 usus
398 3403 431 3464 in
445 3404 532 3480 poesi
545 3404 634 3480 spice
648 3410 782 3479 regatur.
787 3395 1009 3474 'Quamobrem
1025 3411 1097 3489 ops-

94 3498 148 3540 rac
163 3486 297 3561 pretium
311 3487 370 3546 ent
381 3486 421 3546 dc
431 3485 479 3546 hrs
494 3505 617 3566 quoque
627 3485 762 3544 breviter
777 3482 849 3541 dici.
876 3479 989 3537 Earum
1001 3490 1098 3551 prima
1138 3489 1142 3496 ’
