2470 3926
417 237 638 332 1A1AA02
660 275 759 331 xxw.
911 339 918 352 ,
1000 267 1061 330 495

107 429 209 500 αὐτίκ’
229 427 294 500 ἀπό
315 429 447 516 θρόνου
467 423 564 518 ώρτο,
583 434 725 520 γέροντα
744 430 786 502 δέ
797 429 905 520 χειρός
923 431 1050 517 ἀνίστη,

107 537 280 618 οίκτείρων
298 530 418 599 πολιόν
436 556 471 598 τε
490 529 576 618 κάρη
596 531 716 601 πολιόν
733 558 769 600 τε
788 536 927 619 γένειον,
1011 543 1063 599 516

107 635 165 699 καί
182 655 240 716 μιν
259 627 417 717 φωνήσας
436 635 515 697 ἔπεα
533 631 712 716 πτερόεντα
731 630 905 720 προσηύδα

155 721 212 815 ,,Ἀ
236 725 329 815 δείλ’,
349 719 372 814 ἦ
391 726 431 814 δὴ
452 727 557 796 πολλοὶ
575 727 653 797 κάκ’
675 729 795 816 ἄνσχεο
813 727 876 799 σόν
893 729 977 799 κατὰ
995 738 1062 796 θυ-

84 870 88 874 -
599 855 674 915 μον.

108 936 178 1008 πῶς
196 932 288 1014 ἔτλης
307 929 359 996 ἐπὶ
378 934 460 1014 νῆας
476 925 615 1013 Ἀχαιών
633 930 773 1014 ἐλθέμεν
791 926 869 1012 οίος,

107 1023 230 1115 ἀνδρὸς
250 1028 282 1107 ές
301 1023 500 1113 ὀφθαλμούς
519 1023 557 1105 ός
575 1049 626 1093 τοι
645 1029 765 1106 πολέας
783 1052 817 1094 τε
836 1027 891 1096 καὶ
910 1025 1053 1106 έσθλούς

107 1127 198 1204 υίέας
217 1122 399 1207 ἐξενάριξας
420 1123 589 1211 σιδήρειόν
607 1124 651 1192 νύ
669 1150 721 1192 τοι
738 1117 828 1212 ἦτορ.
1011 1139 1058 1192 521

107 1221 183 1292 ἀλλ’
204 1222 264 1310 άγε
284 1219 323 1310 δη
344 1219 411 1291 κατ’
432 1221 483 1308 ἀρ’
502 1223 574 1303 ἕζευ
594 1225 645 1290 ἐπὶ
663 1223 810 1310 θρόνου,
831 1222 932 1310 ἀλγεα
953 1220 984 1292 δ’
1004 1226 1062 1309 ἔμ-

600 1345 663 1409 πης

108 1424 146 1491 έν
164 1430 265 1510 θυμῷ
283 1431 499 1490 κατακεῖσθαι
517 1420 669 1509 έάσομευ,
690 1420 869 1508 ἀχνύμενοί
886 1444 957 1510 περ.

108 1519 152 1589 (ύ
169 1521 234 1608 γάρ
253 1546 301 1600 τις
319 1525 435 1607 πρῆξις
453 1523 585 1588 πέλεται
603 1534 758 1607 κρυεροῖο
776 1519 880 1606 γόοιο.

109 1617 154 1699 ώς
172 1617 237 1706 γάρ
256 1619 485 1688 ἐπεκλώσαντο
503 1620 578 1688 θεοὶ
599 1623 734 1687 δειλοῖσι
753 1625 933 1705 βροτολσιν,
1012 1635 1062 1688 525

108 1717 203 1799 ζώειν
222 1717 430 1806 ἀχνυμένοις·
452 1715 546 1786 αὐτοὶ
566 1721 604 1786 δέ
619 1713 645 1786 τ’
665 1715 801 1804 ἀκηδέες
820 1723 911 1786 είσίν.

109 1819 193 1886 δοιοὶΙ
212 1817 276 1905 γάρ
295 1844 329 1886 τε
349 1824 444 1888 πίθοι
463 1823 674 1886 κατακείαται
693 1820 730 1885 έν
748 1814 831 1896 Διδς
846 1816 943 1886 ὀύδει

109 1916 229 2002 δώρων
248 1911 300 1986 οία
320 1922 445 2004 δίδωσι,
466 1923 590 2002 κακῶν,
609 1918 721 2000 ἕτερος
740 1915 776 1984 δὲ
794 1915 896 1984 έάωυ·

108 2007 138 2104 ᾦ
156 2018 218 2103 μέν
235 2015 262 2084 κ’
284 2013 421 2103 ἀμμίξας
440 2021 512 2103 δοίη
532 2013 617 2095 Ζεύς
635 2015 901 2102 τερπικέραυνος,

107 2113 224 2182 άλλοτε
244 2117 304 2201 μέν
322 2140 357 2182 τε
376 2122 467 2206 κακῷ
487 2111 545 2200 ὅγε
564 2113 709 2201 κύρεται,
730 2111 848 2183 ἀλλοτε
867 2111 897 2180 δ’
920 2115 1047 2202 ἐσθλώ·

108 2203 137 2301 ςό
157 2214 195 2281 δέ
212 2237 249 2280 κε
267 2219 334 2280 τῶν
353 2219 487 2298 λυγρῶν
507 2216 591 2300 δοίη,
611 2209 763 2300 λωβητὸν
782 2218 920 2299 έθηκεν·
1012 2227 1060 2282 531

108 2312 196 2379 καίέ
213 2312 297 2400 κακὴ
317 2311 524 2399 βούβρωστις
542 2313 595 2380 έπὶ
613 2311 723 2397 χθόνα
740 2315 817 2378 δῖαν
838 2308 978 2398 ἐλαύνει,

108 2416 208 2500 φοιτᾷ
229 2407 261 2476 δ’
281 2409 357 2478 οὔτε
376 2420 486 2478 θεοῖσι
504 2415 670 2496 τετιμένος
688 2408 766 2478 οὔτε
782 2417 959 2497 βροτοῖσιν.

109 2505 154 2588 ώς
172 2509 234 2594 μὲν
252 2512 307 2576 καὶ
325 2516 435 2596 Πηλῆι
450 2511 525 2578 θεοὶ
545 2509 649 2577 δόσαν
669 2507 774 2595 ἀγλαά
795 2513 885 2595 δώρα

107 2610 144 2676 ἐκ
162 2612 312 2692 γενετῆς·
334 2606 459 2687 πάντας
477 2605 541 2694 γάρ
558 2606 606 2676 ἐπ’
622 2606 826 2694 ἀνθρώπους
841 2607 997 2676 ἐκέκαστο
1013 2624 1064 2677 535

108 2705 197 2796 ὄλβῳ
217 2731 252 2772 τε
270 2703 403 2796 πλούτῳ
423 2732 468 2792 τε,
488 2707 612 2775 άνασσε
632 2708 667 2777 δὲ
686 2706 972 2796 Μυρμιδόνεσσιν,

108 2808 167 2873 καί
183 2807 216 2871 οί
232 2811 348 2890 θνητῷ
366 2805 454 2873 έόντι
472 2803 722 2894 θἐἀνποίησαν
740 2804 878 2876 ἄκοιτιν.

106 2899 176 2972 ἀλλ’
196 2904 247 2971 έπί
266 2905 385 2993 καὶτῷ
402 2913 489 2993 θῆκε
507 2915 588 2984 θεος
606 2902 720 2991 κακόν,
740 2902 809 2972 ὅττι
828 2907 862 2973 οί
878 2902 951 2971 οὔτι

107 3005 237 3070 παίδων
255 3004 293 3070 έν
311 3003 482 3088 μεγάροισι
500 3001 583 3091 γονὴ
603 3007 716 3090 γένετο
736 3003 927 3090 κρειόντων,

107 3097 177 3168 ἀλλ’
199 3099 258 3168 ἕνα
277 3105 378 3168 παῖδα
395 3103 491 3171 τέκεν
510 3101 718 3187 παναώριον·
738 3099 819 3168 ούδέ
836 3126 879 3169 νυ
898 3097 996 3188 τόνγε
1012 3113 1063 3168 540

107 3199 320 3286 γηράσκοντα
338 3206 469 3289 κομίζω,
489 3201 558 3270 έπεὶ
577 3201 666 3287 μάλα
683 3199 802 3286 τηλόθι
822 3198 948 3286 πάτρης

106 3289 190 3386 ἧμαι
209 3300 256 3366 ένὶ
278 3303 391 3386 Τροίη,
412 3304 451 3368 σέ
466 3325 502 3368 τε
520 3299 634 3387 κήδων
651 3295 710 3386 ἠδέ
730 3295 771 3365 σά
790 3298 898 3365 τέκνα.

107 3398 163 3465 καὶ
182 3395 229 3484 σὲ,
249 3399 359 3484 γέρον,
378 3396 416 3466 τὸ
436 3399 515 3483 πρὶν
533 3399 596 3485 μὲν
613 3395 781 3486 ἀκούομεν
797 3393 913 3484 όλβιον
932 3393 1016 3464 εἶναι

37 3571 43 3582 ,
108 3494 215 3564 ὅσσον
232 3499 359 3584 Λέσβος
377 3495 458 3586 άνω,
479 3496 643 3583 Μάκαρος
662 3499 745 3582 ἕδος,
766 3491 858 3574 έυιδς
876 3496 977 3581 έέργει
