2492 3920
173 260 217 320 ιι
512 256 730 317 mam
755 256 790 316 ιι.

167 419 298 508 Ὄρθην
308 417 459 505 Ἠλώνην
473 441 509 486 τε
527 415 625 484 πόλιν
643 411 669 483 τ’
684 411 883 485 Ὀλοοσσόνα
900 414 1035 506 λευκὴν,

176 525 244 586 τοῖν
260 509 338 587 αὖθ’
356 513 538 605 ἡγεμόνευε
554 513 796 603 μενεπτόλεμος
813 522 1032 604 Πολυποίτης,
1078 528 1130 588 740

180 614 250 696 υίδς
267 615 472 704 Πειριθόοιο,
490 614 549 684 τόν
567 612 736 694 ἀθάνατος
752 617 864 686 τέκετο
882 615 968 694 Ζεύς
984 657 1003 669 -
1228 639 1229 664 ι

175 716 236 786 τόν
252 715 284 805 ῤ’
303 713 366 784 ὑπό
385 713 555 806 Πειριθόῳ
574 717 685 784 τέκετο
704 712 825 794 κλυτδς
835 712 1048 803 Ἱπποδάμεια

176 817 275 904 ἤματι
289 825 336 908 τῷ
354 815 409 886 ὅτε
427 821 536 904 φῆρας
552 817 680 884 ἐτίσατο
697 812 907 902 λαχνήεντας,

175 916 254 996 τοδς
271 916 303 984 δ’
322 919 358 985 ἐκ
375 919 505 1002 Πηλίου
523 905 588 982 ώσε
604 913 660 982 καὶ
676 918 854 982 Αίθίκεσσι
871 916 1035 983 πέλασσεν
1045 954 1063 966 -

175 1014 238 1084 οὐκ
255 1013 333 1102 οἷος,
352 1013 420 1102 ἅμα
437 1020 521 1105 τῷγε
537 1012 711 1099 Λεοντεύς,
730 1009 942 1100 όζοςἍρηος,
1078 1025 1131 1082 745

177 1111 250 1192 υίδς
267 1109 477 1198 ὑπερθύμοιο
494 1109 660 1200 Κορώνου
675 1113 869 1180 Καινείδαο·

177 1223 245 1292 τοις
261 1209 293 1279 δ’
311 1209 379 1298 ἅμα
396 1210 644 1297 τεσσαράκοντα
660 1211 813 1297 μέλαιναι
830 1217 908 1296 νῆες
924 1212 1054 1280 ἕποντο.
1231 1213 1232 1308 λ

219 1306 369 1388 Γουνεύς
386 1307 418 1376 δ’
436 1312 473 1378 ἐκ
492 1308 616 1395 Κύφου
632 1301 693 1396 ἦγε
710 1309 780 1388 δύω
798 1311 853 1378 καὶ
871 1319 976 1380 είκοσι
992 1316 1090 1398 νῆας·
1231 1311 1232 1322 ’

179 1415 223 1501 τῷ
243 1405 275 1476 δ’
290 1405 435 1494 Ἐνιῆνες
452 1409 571 1476 ἕποντο
589 1407 829 1496 μενεπτόλεμοί
843 1435 878 1478 τε
894 1412 1065 1500 Περαιβοὶ,
1232 1458 1233 1540 η

177 1515 210 1578 οἳ
226 1511 301 1594 περὶ
316 1506 492 1594 Δωδώνην
508 1511 727 1596 δυσχείμερον
742 1506 820 1576 οίκί
840 1514 969 1596 ἐθεντο,
1077 1524 1130 1580 750
1232 1545 1233 1562 2

163 1612 210 1676 ὀί
224 1604 247 1676 τ’
267 1603 346 1695 ἄμφ’
365 1603 500 1694 ίμερτδν
520 1605 718 1694 Τιταρήσιον
730 1603 793 1694 ἔργ’
813 1608 980 1694 ἐνέμοντο,

178 1704 216 1786 ὅς
232 1705 265 1795 ῥ’
283 1709 316 1786 ἐς
331 1703 479 1794 Πηνειόν
495 1710 604 1791 προίει
621 1710 820 1794 καλλίρροον
836 1703 939 1793 ὕδωρ,
1233 1704 1234 1772 λ

177 1802 251 1874 οὐδ’
272 1803 329 1891 όγε
347 1812 480 1894 Πηνειῷ
497 1809 714 1893 συμμίσγεται
725 1803 940 1894 ἄργυροδίνρ,
1233 1805 1234 1810 ’

178 1904 259 1974 ’ἶλλύ
276 1907 312 1974 τέ
326 1933 383 1993 μιν
401 1904 620 1994 καθύπερθεν
638 1905 781 1994 ἐπιρρέει
798 1901 865 1994 ἠύτ’
885 1912 1011 1976 ἔλαιον·
1234 1948 1235 2012 η

175 2003 281 2091 ὅρκου
298 2002 362 2092 γὰρ
380 2009 494 2074 δεινοῦ
505 2006 636 2094 Στυγός
652 2003 774 2086 ὕδατός
789 2009 879 2075 ε’στιν
894 2003 1058 2092 ἀπορρώξ.
1078 2023 1129 2079 755
1234 2013 1235 2024 ’

218 2104 413 2194 Μαγνήτων
430 2103 461 2174 δ’
480 2098 560 2195 ἦρχε
577 2106 744 2194 Πρόθοος,
767 2106 1002 2195 Τενθρηδόνος
1016 2106 1100 2196 υίδς,

175 2211 209 2276 οἳ
224 2207 298 2295 περὶ
315 2204 462 2294 Πηνειόν
478 2211 533 2275 καλ
549 2207 680 2295 Πήλιον
698 2212 932 2295 εἰνοσίφυλλον

177 2310 347 2374 ναίεσκον·
366 2314 434 2375 τών
452 2307 514 2394 μὲν
530 2307 689 2396 Πρόθοος
707 2305 792 2389 θοδς
807 2305 1020 2398 ἡγεμόνευεν,

177 2413 221 2498 τῷ
238 2405 270 2474 δ’
288 2403 356 2492 ἅμα
373 2406 619 2495 τεσσαράκοντα
635 2410 788 2495 μέλαιναι
804 2414 881 2498 νῆες
897 2409 1026 2478 ἕποντο.

219 2497 323 2574 Ου’τοι
339 2502 390 2592 ἄρ’
401 2501 562 2594 ἡγεμόνες
571 2513 718 2576 Δαναών
728 2509 784 2577 καὶ
800 2513 951 2592 κοίρανοι
967 2499 1062 2597 ἦσαν.
1076 2522 1127 2579 700

176 2610 224 2685 τίς
241 2601 265 2672 τ’
284 2600 327 2692 δρ
346 2612 413 2674 τών
429 2603 476 2692 ὅγ’
493 2605 628 2694 όριστος
643 2611 712 2696 ἔην,
730 2605 774 2675 σύ
784 2633 840 2694 μοι
852 2611 977 2694 ἔννεπε,
991 2613 1127 2691 Μοῦσα,

176 2701 288 2773 αὐτῶν
304 2702 359 2792 ἡδ’
376 2708 499 2793 ἵππων,
517 2713 551 2774 οἳ
568 2705 620 2793 ἅμ’
635 2705 837 2796 Ἀτρείδῃσιν
854 2709 984 2776 ἕποντο.

208 2802 320 2872 Ἵπποι
336 2804 399 2891 μὲν
414 2803 483 2892 μέγ’
501 2804 631 2890 όὲρισται
648 2811 728 2876 ἐσαν
746 2805 968 2894 Φηρητιάδαο,

175 2901 231 2982 τὰς
250 2900 404 2992 Εὔμηλος
420 2911 539 2974 ἐλαννε
557 2905 728 2986 ποδώκεας
744 2904 887 2992 ὄρνιθας
904 2902 957 2992 οδς,
1015 2925 1018 2932 ’

174 3001 314 3090 ὄτριχας,
333 3005 465 3091 οἰέτεας,
484 3005 638 3094 σταφύλη
655 3007 707 3074 ἐπὶ
724 3013 832 3073 νώτου
847 3007 951 3084 ἐίσας·
1076 3021 1127 3076 765

174 3100 232 3183 εδις
248 3105 285 3172 ἐν
300 3109 427 3191 Πηρείῃ
443 3103 540 3192 θρέψ’
558 3103 780 3192 ύργνρότοξος
794 3102 972 3189 Ἀπόλλων,

174 3200 275 3290 ἄμφω
292 3207 438 3289 θηλείας,
457 3203 699 3293 φόβονἍρηος
715 3203 913 3291 φορεούσας.

173 3301 307 3386 ἀνδρῶν
324 3293 370 3368 αύ
386 3300 455 3388 μέγ’
474 3302 608 3388 ἄριστος
624 3310 684 3391 ἐην
703 3303 913 3391 Τελαμώνιος
929 3313 1024 3392 Δίας,

172 3400 247 3488 ὄφρ’
265 3399 407 3488 Ἀχιλεύς
423 3401 556 3490 μήνιεν·
575 3401 593 3472 ὁ
611 3401 676 3493 γδρ
692 3402 779 3472 πολύ
797 3405 958 3491 φέρτατος
973 3396 1045 3494 ἦεν,

170 3505 265 3570 ἵπποι
281 3499 332 3590 θ’,
351 3509 385 3572 οἳ
400 3505 586 3589 φορέεσκον
602 3502 757 3592 ύμύμονα
773 3509 958 3592 Πηλείωνα.
1075 3517 1126 3575 770
