2412 3918
395 247 616 306 ιΛικΛοΣ
640 249 711 310 wa
737 285 740 288 -
946 225 1028 308 '157

81 409 249 494 χωομένης,
271 402 346 474 οὐδ’
367 415 400 474 εί
415 431 453 472 ιιε
472 404 512 472 τά
531 409 645 473 νείατα
664 404 795 488 πείραθ’
815 411 905 484 ἵκηαι

80 509 167 590 γαίης
184 506 241 573 καὶ
260 505 408 591 πόντοιο,
427 500 468 571 ἵν’
484 500 629 583 Ἰαπετός
646 530 682 572 τε
700 508 831 590 Κρόνος
850 533 885 575 τε

79 602 189 688 ἥμενοι
207 601 275 671 οὔτ’
297 600 404 690 αύγής
416 599 606 688 Ὑπερίονος
620 600 760 672 Ἠελίοιο
974 625 1027 680 ιω

79 699 217 787 τέρποντ’
240 699 309 769 οὔτ’
325 701 486 788 ἀνέμοισι,
499 698 611 786 βαθύς
627 704 666 768 δέ
680 725 715 768 τε
729 703 897 791 Τάρταρος
913 704 1026 794 ἀμφίς.

78 799 144 866 οὐδ’
164 796 210 888 ήν
228 799 300 870 ἔνθ’
320 799 460 887 ἀφίκηαι
478 799 641 887 ἀλωμένη,
663 798 703 868 ού
723 809 786 869 σεῦ
804 809 907 890 ἔγωγε

77 903 273 987 σκυζομένης
291 897 410 986 ἀλέγω,
431 900 501 967 έπεῖ
520 895 562 966 ού
580 904 637 966 σέο
657 898 823 984 κύντερον
841 900 958 972 ἀλλο.“

105 997 159 1078 Ὦς
178 999 279 1086 φοίτα,
299 995 359 1066 τὸν
378 995 411 1066 δ’
432 997 506 1066 ούτι
524 1000 675 1084 προσέφη
696 998 1007 1090 λευκύλενοςἯρη.

76 1101 108 1165 ἐν
125 1097 156 1164 δ’
176 1094 267 1167 ἒπεό
284 1096 431 1188 Ὠκεανῷ
450 1096 607 1184 λαμπρόν
625 1097 711 1183 φάος
728 1097 862 1186 ήελίοιο,
972 1119 1024 1173 48⁵

75 1199 164 1267 ἕλκον
181 1200 291 1269 νύκτα
309 1203 469 1286 μέλαιναν
488 1198 541 1265 ἐπὶ
560 1200 717 1283 ζείδωρον
735 1197 902 1285 ἄρουραν·

78 1301 198 1386 Τρωσὶν
217 1304 281 1386 μέν
300 1297 329 1386 ῥ’
348 1297 508 1366 ἀέκουσιν
526 1301 586 1364 έδυ
605 1295 702 1382 φάος,
722 1294 828 1382 αὐτὰρ
844 1296 981 1384 Ἀχαιοῖς

76 1395 211 1484 ἀσπασίη
231 1404 418 1486 τρίλλιστος
435 1396 584 1482 ἐπήλυθε
603 1393 665 1475 νύξ
684 1395 850 1483 ἐρεβεννή.

111 1496 238 1578 Τρύων
257 1488 328 1563 αὖτ’
347 1492 476 1582 ἀγορήν
494 1495 654 1583 ποιήσατο
675 1499 830 1582 φαίδιμος
840 1493 978 1584 Ἕκτωρ,

75 1593 167 1680 νόσφι
186 1601 278 1662 υεῷν
296 1592 432 1680 ἀγαγῷν
451 1602 589 1684 ποταμῷ
608 1599 661 1661 ἔπι
681 1594 837 1681 δινήεντι,
969 1613 1021 1667 490

72 1697 105 1760 ίυ
121 1699 275 1782 καθαρῷ,
296 1692 355 1761 ὅθι
374 1691 414 1778 δή
435 1693 568 1762 νεκύων
587 1697 774 1779 διεφαίνετο
794 1702 908 1780 χῶρος.

73 1793 100 1872 ἐξ
116 1798 228 1862 ἵππων
247 1791 281 1860 δ’
301 1791 487 1880 ἀποβάντες
506 1795 559 1861 ἐπὶ
577 1793 686 1879 χθόνα
705 1799 820 1880 μῦθον
838 1792 976 1883 ἄκουον,

72 1891 124 1958 τόν
142 1889 170 1978 ῥ’
181 1890 312 1974 Ἕκτωρ
333 1889 475 1977 ἀγόρευε
507 1897 667 1977 διίφιλος·
702 1898 740 1960 ἐν
759 1892 793 1961 δ’
813 1894 878 1980 ἀρα
896 1897 980 1982 χειρὶ

72 1995 155 2073 ἔγχος
174 1987 218 2075 ἔχ’
240 1989 463 2077 ἑνδεκάπηχυ
484 1991 629 2078 πάροιθε
649 1991 685 2061 δὲ
703 1993 850 2080 λάμπετο
871 1992 994 2081 δουρός

70 2086 157 2176 αἰχμή
178 2095 325 2177 χαλκείη,
345 2091 421 2176 περὶ
440 2091 477 2158 δέ
495 2089 635 2177 χρύσεος
652 2095 712 2160 θέε
730 2091 866 2179 πόρκης,
968 2109 1019 2164 495

69 2193 109 2276 τῷ
125 2186 172 2272 ὅγ’
193 2189 407 2276 ἐρεισάμενος
425 2193 504 2256 ἔπεα
526 2190 840 2278 Τριέεσσιμετηύδα

103 2291 277 2374 ,,Κέκλυτέ
284 2314 358 2376 μευ,
380 2295 492 2374 Τρῶες
508 2289 564 2356 καὶ
574 2289 748 2372 Δάρδανοι
762 2287 818 2378 ἠδ’
835 2295 1017 2381 ἐπίκουροι,

70 2393 128 2454 νῦν
145 2389 282 2474 έφάμην
301 2385 426 2474 νήάςύ
449 2384 566 2466 όλέσας
585 2389 640 2455 καὶ
659 2387 786 2468 πάντας
801 2386 950 2476 Ἀχαιούς

68 2481 110 2566 ἀφ
126 2485 373 2573 ἀπονοστήσειν
391 2489 488 2573 προτὶ
496 2486 603 2554 Ἴλιον
620 2483 843 2572 ήυεμόεσσαν·

69 2581 143 2654 ἀλλά
163 2587 246 2674 πρὶν
265 2589 391 2672 κνέφας
409 2579 506 2672 ήλθε,
526 2582 564 2654 τό
585 2593 650 2652 νῦν
669 2585 795 2654 ἐσάωσε
814 2588 954 2674 μάλιστα
966 2608 1017 2660 500

67 2679 225 2772 Ἀργείους
243 2686 300 2752 καὶ
318 2691 401 2773 νήας
420 2686 473 2753 ἐπὶ
492 2686 626 2772 ῥηγμῖνι
643 2685 824 2772 θαλάσσης.

71 2779 131 2874 ἀλλ’
150 2783 225 2872 ήτοι
245 2791 312 2852 νῦν
331 2784 392 2871 μέν
412 2783 611 2870 πενθύμεθα
630 2786 725 2852 νυκτὶ
744 2794 883 2876 μελαίνη

71 2881 170 2968 δόρπα
189 2883 214 2952 τ’
235 2883 525 2971 ἐφοπλισόμεσθα·
546 2880 629 2966 ἀτάρ
649 2891 856 2971 καλλίτριχας
875 2890 997 2967 ἵππους

70 2981 180 3050 λύσαθ’
200 2980 282 3062 ύπέξ
303 2981 417 3070 ὀχέων,
438 2981 527 3067 παρὰ
547 2983 586 3050 δέ
603 3002 697 3068 σφισι
715 2983 842 3072 βάλλετ’
863 2986 1005 3076 ἐδωδήν·

68 3081 98 3148 έκ
116 3081 232 3162 πόλιος
251 3080 283 3150 δ’
306 3081 429 3162 δέξεσθε
452 3083 534 3170 βόας
552 3083 608 3151 καὶ
627 3091 701 3168 ίφια
719 3091 807 3172 μῆλα
964 3103 1016 3156 505

68 3189 283 3270 καρπαλίμως,
305 3180 400 3250 οἵνον
420 3183 456 3250 δέ
474 3187 660 3270 μελίφρονα
678 3187 851 3273 οἰνίζεσθε,

69 3281 153 3350 σῖτόν
170 3279 195 3350 τ’
215 3285 253 3352 ἐκ
273 3280 440 3370 μεγάρων,
461 3284 514 3350 έπῖ
536 3284 572 3350 δέ
591 3281 674 3361 ξύλα
692 3279 799 3350 πολλοὶ
819 3285 968 3370 λέγεσθε,

67 3373 107 3455 ὥς
124 3405 183 3448 κεν
201 3379 380 3467 παννύχιοι
398 3379 495 3468 μέσφ’
513 3377 596 3466 ήοῦς
615 3379 797 3468 ήριγενείης

13 3551 14 3560 2
69 3483 206 3565 καίωμεν
224 3477 316 3567 πυρά
337 3479 455 3567 πολλά,
476 3484 572 3558 σέλας
593 3478 624 3545 δ’
645 3486 691 3559 εἰς
711 3477 858 3566 ούραυόν
875 3485 943 3571 ἵκη,
