2442 3922
259 302 264 308 ·
387 276 609 335 ΙΛΙΔΔΟΣ
632 278 691 333 Vll.
958 277 1014 342 131

74 445 226 526 στεινωπῷ
243 439 282 504 έν
298 434 381 526 ὁδῷ,
398 433 454 502 ὅθ’
471 431 524 517 ἄρ’
541 432 583 502 οά
598 437 728 522 κορύνη
745 441 778 504 οί
792 437 936 520 ὄλεθρον

76 549 191 623 χραῖσμε
206 541 373 621 σιδηρείη·
391 536 473 618 πρὶν
487 531 554 618 γάρ
569 533 767 620 Λυκόοργος
783 533 943 622 ὑποφθὰς

74 637 154 722 δουρὶ
163 639 264 721 μέσον
275 634 475 720 περόνησεν,
493 628 556 700 ὁδ’
570 629 686 710 ὕπτιος
697 629 791 700 οὔδει
800 635 951 721 ἐρείσθη·
968 652 1014 706 m

73 734 171 818 ιεόχεα
187 731 218 800 δ’
239 732 415 816 ἐξενάριξε,
434 731 475 799 τά
493 734 529 798 oc
541 729 625 814 πόρε
641 724 896 819 χάλκεοςἈρης.

72 834 116 900 καὶ
129 830 165 900 τά
180 833 241 919 μὲν
257 829 361 912 αάτδς
377 823 474 898 ἔπειτ’
489 828 604 915 ίφόρει
618 829 700 917 μετά
716 832 970 920 μῶλονἈρηος.

72 930 159 1014 αὐτὰρ
175 933 244 998 ἐπεὶ
254 931 455 1016 Λυκόοργος
471 932 521 998 ἐνί
536 927 732 1016 μεγάροισιν
746 932 860 1018 έγήρα,

71 1035 141 1097 δάκε
156 1029 186 1098 δ’
200 1029 453 1115 Ἐρευθαλίωνι,
471 1034 558 1118 φίλῳ
576 1028 771 1116 θεράποντι,
789 1037 949 1118 φορῆναι·

72 1138 119 1195 τοῦ
132 1129 185 1215 ὅγε
201 1128 307 1216 τεύχε’
323 1134 409 1215 ἔχων
419 1133 636 1213 προκαλίζετο
646 1126 772 1209 πάντας
781 1127 946 1216 άρίστους.
963 1148 1012 1200 15⁰

71 1233 96 1296 οί
107 1232 137 1298 δὲ
152 1227 223 1316 μάλ’
242 1228 406 1315 ἐτρόμεον
421 1229 478 1296 καί
492 1230 659 1295 ἐδείδισαν
674 1223 758 1296 οόδέ
768 1253 818 1308 τις
834 1235 925 1316 έτλη·

70 1327 123 1396 ἄλλ’
137 1333 189 1414 ἐμὲ
204 1327 320 1416 θυμός
334 1327 441 1414 άνήκε
458 1327 681 1414 πολυτλήμων
696 1332 883 1413 πολεμιῖειν

69 1427 171 1512 θάρσει
185 1420 225 1518 ᾦ·
243 1436 346 1514 γενεή
363 1428 399 1495 δὲ
417 1427 581 1506 νεότατος
597 1433 698 1494 ἔσκον
713 1423 887 1494 ἁπάντων·

69 1532 110 1595 καὶ
122 1529 271 1616 μαχόμην
288 1531 324 1596 οί
337 1525 415 1613 έγά,
434 1531 544 1594 δοὶιιεν
558 1529 597 1595 δέ
609 1553 667 1612 μοι
682 1517 780 1610 εὖχος
793 1523 930 1613 Ἀθήνη.

68 1625 114 1693 τὸν
128 1626 165 1715 δή
181 1629 349 1716 μήκιστον
364 1629 421 1696 καὶ
437 1626 617 1711 κάρτιστον
632 1627 757 1694 κτάνον
772 1623 894 1712 ἄνδρα·
962 1643 1011 1696 1⁵5

67 1726 169 1805 τολλός
184 1728 249 1813 γάρ
266 1753 318 1805 τις
334 1733 440 1794 ἔκειτο
458 1725 629 1813 παρήορος
644 1731 730 1792 ἔνθα
746 1728 802 1794 καί
818 1731 914 1794 ἔνθα.

67 1825 116 1893 θ’θ’
132 1825 173 1906 ὡς
188 1826 345 1914 ήβιόοιμι,
363 1833 419 1914 βίη
436 1829 474 1895 δέ
486 1853 544 1912 μοι
560 1830 700 1911 ἔμπεδος
716 1835 782 1911 είη·

66 1935 148 2015 τῷ-κε
163 1927 230 2013 τάχ’
247 1927 403 2013 άντήσειε
421 1926 527 2012 μάχης
541 1930 764 2009 κορυθαίολος
771 1921 909 2010 Ἕκτωρ.

67 2023 159 2108 ὑμέων
175 2025 208 2094 δ’
226 2031 326 2110 οἵπερ
343 2031 439 2094 ἔασιν
454 2023 607 2110 άριστήες
621 2032 833 2110 Παναχαιῶν,

65 2123 126 2190 οὐδ’
141 2130 174 2194 οί
187 2127 413 2213 προφρονέως
427 2121 546 2210 μέμαθ’
558 2122 716 2208 Ἕκτορος
730 2122 845 2190 άντίον
863 2127 1010 2191 έλθεῖν.“

88 2222 141 2304 Ὦς
151 2223 298 2296 νείκεσιί
308 2223 327 2292 ὁ
339 2229 459 2310 γέρων,
472 2227 507 2292 οἱ
515 2221 546 2290 δ’
559 2225 657 2292 ἐννέα
668 2220 788 2301 πάντες
798 2219 950 2290 ἀνέσταν.
959 2237 1008 2292 161

64 2315 134 2407 όρτο
149 2325 237 2394 πολὺ
256 2333 390 2408 πρῶτος
405 2325 469 2410 μὲν
482 2321 566 2402 ἅναξ
581 2321 716 2408 ἀνδρῶν
729 2320 950 2409 Ἀγαμέμνων,

63 2431 98 2512 τῷ
111 2422 140 2490 δ’
156 2427 209 2493 έπὶ
229 2427 396 2508 Τυδείδης
412 2414 499 2508 ὦρτο
515 2420 676 2506 κρατερός
691 2420 870 2508 Διομήδης,

62 2535 131 2590 τοῖσι
146 2522 176 2590 δ’
193 2522 244 2592 έιί
262 2531 419 2607 Αἴαντες,
435 2527 563 2606 θοῦριν
577 2521 756 2605 ἐπιειμένοι
771 2517 887 2605 άλιιήν,

62 2620 176 2689 τοῖσιδ’
193 2618 243 2690 ἐπ’
261 2617 450 2706 Ἰδομενεὺς
466 2622 522 2688 καί
538 2617 655 2687 όπάων
667 2617 863 2706 Ἰδομενῆος,
959 2631 1007 2686 1⁶5

63 2721 232 2808 Μηριόνης,
251 2717 438 2798 ἀτάλαντος
451 2717 609 2807 Ἐνυαλίῳ
625 2716 860 2805 ἀνδρειφόντῃ,

63 2832 129 2886 τοῖσι
146 2819 177 2888 δ’
196 2817 246 2888 ἐπ’
267 2815 484 2901 Εὐρύπυλος,
502 2815 692 2900 Εὐαίμονος
708 2814 830 2901 άγλαὸς
846 2816 927 2902 υίὸς,

62 2913 95 2983 όν
109 2920 140 2988 δὲ
157 2918 249 2998 Θόας
264 2917 540 3004 Ἀνδραιμονίδης
556 2917 612 2984 καὶ
628 2919 698 2994 δίος
711 2911 905 2993 Ὀδυσσεύς·

61 3019 166 3099 πάντες
180 3018 235 3102 ἄρ’
254 3015 317 3103 οἵγ’
335 3021 458 3084 ἔθελον
473 3011 798 3100 πολεμίζεινἝιιτορι
815 3017 884 3102 δίῳ.

62 3131 115 3198 τοῖς
132 3117 164 3186 δ’
180 3111 279 3196 αὖτις
296 3117 446 3204 μετέειπε
463 3113 626 3200 Γερήνιος
641 3112 764 3180 ίππότα
779 3113 917 3198 Νέστωρ
957 3127 1008 3183 170

92 3219 234 3308 ,Κλήρῳ
253 3224 321 3284 νῦν
337 3214 535 3283 πεπάλασθε
551 3211 738 3297 διαμπερὲς,
754 3208 792 3290 ὃς
802 3236 840 3277 κε
850 3210 1005 3299 λάχῃσιν·

62 3308 143 3398 οὗτος
157 3316 224 3404 γὰρ
244 3313 287 3402 δή
305 3311 422 3400 όνήσει
436 3311 639 3398 ἐϋκνήμιδας
651 3309 812 3396 Ἀχαιούς·

62 3419 103 3483 καὶ
117 3418 147 3485 δ’
164 3415 269 3495 αὐτὸς
285 3411 328 3482 όν
344 3410 461 3498 θυμόν
477 3410 642 3498 όνήσεται,
660 3418 697 3477 αἱ
710 3435 747 3476 κε
764 3407 912 3494 φάγῃσιν

63 3518 142 3600 δήλου
157 3522 195 3587 έκ
212 3517 376 3600 πολέμοιο
392 3512 448 3579 καὶ
464 3518 559 3597 αίνής
574 3513 800 3657 δηιοτῆτοςίὲ.
