2406 3920
177 238 238 302 288
518 228 740 289 ΙΛΙΑΔΟΣ
767 225 802 285 Ο.

177 401 255 478 τοὺς
271 397 332 485 μὲν
348 379 575 479 ὀρινομένους,
592 383 674 466 τούς
691 386 728 452 δὲ
744 385 947 460 κλονέοντας
965 379 1114 450 ὄπισθεν

175 498 352 581 Ἀργείους,
370 489 451 578 μετά
470 492 508 559 δέ
524 509 585 574 σφι
600 483 822 555 Ποσειδάωνα
840 481 979 550 ἄνακτα.

171 595 311 679 Ἕκτορα
329 590 362 658 δ’
380 594 417 659 ἐν
434 592 536 677 πεδίφ
557 590 607 654 ίδε
626 589 793 670 κείμενον,
811 579 898 669 ἀμφὶ
917 577 950 648 δ’
968 579 1097 662 ἑταῖροι
1124 589 1138 643 9

179 689 280 760 εἵαθ’·
298 688 316 759 ὁ
335 688 367 756 δ’
385 685 535 775 ἀργαλέῳ
554 681 629 770 ἔχετ’
651 682 800 766 ἄσθματι
818 687 883 766 κήρ
902 675 1113 757 ἀπινύσσων,

180 789 244 874 αἷμ’
264 791 379 873 ἐμέων,
398 786 467 854 ἐπεὶ
483 784 527 852 οὔ
543 809 601 870 μιν
619 780 855 868 ἀφαυρότατος
871 775 945 866 βάλ’
963 775 1112 861 Ἀχαιῶν.

180 888 240 958 τὸν
257 889 292 955 δὲ
310 885 392 954 ίδόν
409 885 519 970 ἐλέησε
537 879 646 967 πατήρ
664 879 803 964 ἀνδρῶν
818 905 854 946 τε
870 884 966 946 θεῶν
983 901 1031 960 τε,

122 978 128 996 x
181 984 272 1053 δεινά
291 982 323 1051 δ’
343 981 474 1070 ὑπόδρα
491 979 575 1050 ίδάν
586 979 697 1066 Ἥρην
713 977 799 1063 πρὸς
815 985 933 1064 μῦθον
951 982 1065 1044 ἔειπεν

221 1075 287 1169 „³11
301 1081 389 1168 μάλα
401 1080 660 1168 δήκακότεχνος,
678 1076 838 1164 ἀμήχανε,
851 1075 910 1155 σὸς
921 1073 1033 1158 δόλος,
1044 1070 1138 1156 Ἥρη,

174 1181 313 1265 Ἕκτορα
331 1185 403 1250 δίου
420 1187 543 1249 ἔπαυσε
561 1177 676 1263 μάχης,
696 1177 842 1262 ἐφόβησε
862 1176 899 1244 δὲ
917 1173 1031 1250 λαούς.
1110 1186 1139 1236 15

182 1279 223 1348 ού
240 1277 307 1365 μάν
325 1275 391 1346 οἶδ’
409 1285 439 1346 εί
453 1270 533 1346 αὖτε
550 1281 782 1362 κακορραφίης
796 1271 972 1360 ἀλεγεινῆς

183 1378 294 1464 πρότη
311 1377 476 1462 ἐπαύρηαι
493 1380 553 1444 καί
566 1396 602 1442 σε
620 1381 789 1460 πληγῇσιν
806 1370 947 1457 [μάσσω.

184 1471 203 1562 ή
221 1475 262 1546 ού
278 1478 383 1562 μέμνῃ
401 1477 454 1543 ὅτε
470 1472 496 1542 τ’
512 1476 639 1560 ἐκρέμω
655 1469 800 1556 ὑψόθεν,
817 1473 854 1537 ἐκ
871 1469 908 1537 δὲ
925 1472 1060 1536 ποδοῖιν

185 1575 330 1660 ἀκμονας
345 1565 411 1659 ήκα
427 1573 507 1658 δύω,
524 1573 600 1657 περὶ
615 1573 708 1657 χερσὶ
725 1571 761 1639 δὲ
778 1565 906 1655 δεσμόν
922 1575 1001 1655 ίηλα

185 1673 327 1757 χρύσεον
355 1669 539 1756 άρρηκτονς
556 1669 600 1738 σὺ
616 1666 648 1736 δ’
661 1671 698 1736 έν
714 1669 828 1755 αδθέρι
843 1669 899 1736 καὶ
917 1669 1098 1754 νεφέλῃσιν
1109 1679 1139 1730 2⁰

184 1771 325 1854 ἐκρέμω
346 1765 508 1853 ἠλάστεον
524 1767 559 1836 δὲ
575 1769 651 1836 θεοὶ
668 1762 752 1834 κατά
769 1763 902 1852 μακρὸν
913 1762 1100 1850 Ὄλυμπον,

187 1869 283 1934 λῦσαι
300 1861 331 1930 δ’
350 1861 412 1931 οὐκ
427 1864 588 1933 ἐδύναντο
604 1863 837 1950 παρασταδόν·
857 1857 899 1931 ὃν
915 1865 953 1934 δὲ
971 1861 1114 1950 λάβοιμι,

186 1965 367 2047 ῥίπτασκον
382 1963 529 2048 τεταγιδν
544 1961 608 2032 ἀπό
628 1971 748 2051 βηλοῦ,
766 1959 843 2050 ὄφρ’
861 1957 906 2029 ἀν
921 1966 1035 2048 ἵκηται

186 2069 249 2146 γῆν
265 2057 501 2146 ὀλιγηπελέων
522 2061 578 2147 ἐμὲ
595 2059 626 2128 δ’
646 2059 723 2129 οὐδ’
741 2059 787 2141 dig
802 2059 921 2147 θυμόν
935 2057 1024 2128 ἀνίει

187 2156 304 2244 ἀζηχὴς
320 2156 425 2244 ὀδύνη
435 2156 621 2246 Ἡρακλῆος
635 2168 756 2247 θείοιο,
1109 2168 1142 2220 τε

187 2252 246 2322 τὸν
263 2252 306 2322 σύ
323 2253 384 2334 ξύν
400 2259 506 2344 Βορέῃ
521 2257 632 2347 ἀνέμςο
648 2267 843 2327 πεπνθοῦοα
859 2259 1012 2337 θυέλλας

189 2357 315 2438 πέμψας
330 2352 377 2422 ἐπ’
395 2351 577 2438 ἀτρύγετον
593 2357 730 2443 πόντον,
748 2355 836 2425 κακά
852 2357 1037 2444 μητιόωσα,

189 2455 246 2516 καί
258 2476 316 2534 μιν
332 2453 440 2518 ἔπειτα
456 2452 590 2520 Κόωνδ’
608 2453 832 2543 εύναιομένην
849 2453 1041 2537 ἀπένεικας.

188 2545 248 2615 τόν
264 2548 325 2633 μὲν
341 2547 427 2632 ἀγόν
444 2557 545 2620 ἐνθεν
560 2555 716 2641 ῥυσάμην
733 2558 789 2624 καὶ
806 2553 983 2643 ἀνήγαγον
999 2547 1091 2634 αὖτις

182 2645 300 2729 ’Ἀργος
314 2650 347 2725 ἐς
363 2646 554 2737 ἱππόβοτον,
573 2652 629 2719 καὶ
645 2653 753 2720 πολλά
770 2679 833 2739 περ
850 2651 1061 2742 ἀθλήσαντα.
1112 2666 1142 2720 λλ

190 2749 257 2860 ζῶν
273 2741 301 2808 θ’
316 2736 409 2822 αὖτις
426 2746 553 2834 μνήσω,
568 2747 610 2816 ἵν’
628 2749 817 2838 ἀπολλήξῃς
832 2749 1009 2828 ἀπατάων,

190 2863 278 2954 {W
295 2843 349 2926 ίδῃ
365 2839 410 2927 ήν
424 2867 475 2910 τοι
490 2852 633 2936 χραίσμῃ
649 2849 788 2936 φιλότης
804 2874 839 2917 τε
856 2849 914 2917 καὶ
932 2847 1029 2938 εύνή,

191 2960 233 3018 ην
249 2939 360 3022 ἐμίγης
376 2942 523 3010 ἐλθοῦσα
538 2952 633 3014 θεῶν
649 2945 715 3014 ἀπο
734 2954 793 3016 καί
808 2946 839 3035 μ’
857 2948 1067 3036 ἀπάτησας.(’

234 3027 294 3110 Ὣς
310 3035 405 3120 φάτο,
424 3040 561 3126 ῥίγησεν
576 3045 612 3111 δὲ
626 3052 754 3132 βοῶπις
767 3047 890 3116 πότνια
901 3045 1006 3136 Ἥρη,

193 3135 318 3248 καίῃιιν
335 3134 506 3219 φωνήσαο)
523 3146 602 3209 ἔπεα
618 3146 802 3230 πτερόεντα
818 3147 1002 3233 προσηύδα
1115 3160 1142 3212 35

230 3233 342 3342 ,,Ιστω
361 3235 425 3295 νῦν
441 3234 518 3302 τάδε
533 3246 619 3306 Γαῖα
636 3245 692 3311 καὶ
705 3243 864 3330 Οὐρανὸς
880 3244 989 3332 εύρύς
1006 3245 1142 3333 ὕπερθεν

191 3320 245 3434 ηαδ
261 3348 296 3387 το
314 3329 551 3440 κατειβόμενον
566 3339 702 3424 Στυγός
718 3342 824 3430 ὕδωρ,
841 3342 923 3413 όστε
938 3351 1090 3434 μέγιστος

206 3439 288 3493 ακος
304 3423 490 3505 δεινοτατός
507 3457 542 3498 τε
558 3439 649 3504 πέλει
665 3441 854 3528 μακάρεσσι
870 3453 1020 3532 θεοῖσιν,
