2442 3922
387 263 602 323 ΙΛΙΑΔΟΣ
625 265 672 323 lv,
967 257 1007 326 Π

63 420 177 489 τόσσον
194 420 276 490 λαόν
293 421 433 490 ἕπεσθαι
449 418 552 507 ἔχοντ’
576 425 613 490 ἐν
630 422 790 512 στήθεσιν
806 421 915 514 αύδήν
926 463 944 478 -

65 527 135 608 σιγῇ
150 520 302 602 δειδιότες
318 521 541 609 σημάντορας·
559 517 644 609 ἀμφὶ
660 526 695 592 δὲ
713 531 816 592 πᾶσιν
955 537 1002 594 ⁴31

64 618 168 704 τεύχεα
184 619 304 689 ποικίλ’
325 625 462 708 ἔλαμπε,
481 619 520 690 τά
539 625 661 708 ελμίνοι
677 623 880 710 ἐστιχόωντο.

67 723 165 802 Τρῶες
183 719 227 806 δ’,
249 716 321 788 ὥστ’
343 720 409 801 ὄίες
428 719 664 806 πολυπάμονος
681 719 807 807 ἀνδρός
825 726 863 791 ἐν
880 719 967 812 αύλή

64 825 165 903 ιινριάι
183 818 360 906 ἑστήκασιν
377 815 597 906 ἀμελγόμεναι
615 819 701 906 γάλα
720 819 851 908 λευκόν,

62 913 160 1004 ἀζηχὲς
177 932 365 1006 μεμακυῖαι,
387 916 572 988 ἀκούουσαι
592 919 658 987 ὄπα
678 919 802 1008 ἀρνῶν,
952 935 1003 992 4³5

62 1013 100 1095 ἀς
118 1015 243 1105 Τρόων
262 1016 423 1107 ἀλαλητός
443 1016 508 1088 όνά
530 1017 672 1106 στρατόν
691 1017 798 1107 εύρύν
817 1019 953 1108 όριόρει·

62 1112 97 1184 ού
112 1117 174 1205 γάρ
194 1117 333 1186 πάντων
353 1111 410 1206 ήεν
428 1115 510 1206 όμδς
529 1119 634 1205 θρόος
652 1115 726 1190 οόδ’
748 1128 783 1188 λα
800 1127 915 1208 γήρυς,

71 1210 135 1284 ἰλλά
154 1214 275 1302 γλῶσδ
290 1220 457 1309 ίμέμικτο,
478 1219 680 1305 πολύκλητοι
699 1215 730 1288 δ’
752 1223 833 1288 ύσαν
851 1219 982 1308 ἀνδρες.

63 1306 136 1402 ὄρσε
152 1310 188 1386 δὲ
207 1314 288 1398 τούς
304 1319 364 1403 μὲν
374 1313 485 1406 Ἄρης,
503 1315 582 1398 τούς
600 1319 636 1386 δὲ
652 1324 843 1404 γλαυκῶπις
857 1315 980 1406 Ἀθήνη

62 1416 170 1501 Δεῖμός
187 1415 213 1486 τ’
234 1415 291 1505 ήδλ
308 1417 419 1505 Φόβος
435 1417 599 1504 καλἝρις,
616 1416 744 1504 ἀμοτον
760 1431 913 1506 μεμαυῖα,
952 1433 1004 1488 λλυ

58 1512 156 1604 Ἄρεος
172 1515 401 1604 ἀνδροφόνοιο
420 1517 601 1606 κασιγνήτη
620 1515 720 1604 ἐτάρη
737 1543 782 1602 τε,

62 1611 98 1698 ήύ
114 1613 207 1705 ὀλίγη
227 1619 290 1705 μὲν
307 1627 421 1702 πρῶτα
437 1616 645 1702 κορύσσεται,
663 1613 770 1700 αύτάρ
788 1621 899 1684 ἔπειτα

58 1710 180 1806 ούρανβ
198 1715 347 1804 ἐστήριξε
364 1717 450 1806 κόρη
468 1717 523 1785 καί
539 1717 591 1785 ίπί
608 1719 705 1803 χδονί
722 1721 838 1804 βαίνει.

62 1813 167 1900 ήσφιν
183 1815 242 1885 καί
258 1813 331 1885 τότε
349 1830 458 1896 νεῖκος
474 1813 604 1903 ὁμοίϊον
621 1819 740 1902 ἔμβαλε
757 1818 868 1906 με’σσφ

59 1916 205 2003 ἐρχομένη
217 1912 293 1985 καθ’
309 1912 438 2005 ὄμιλον,
457 1914 644 2001 ὀφέλλουσα
659 1915 780 1985 στόνον
795 1913 938 2003 ἀνδροῖν.
955 1933 1005 1987 σεε

94 2018 134 2082 OC
151 2013 183 2082 δ’
203 2013 261 2084 ὄτι
279 2016 320 2104 δή
338 2016 370 2103 ρ”
388 2021 421 2097 ἐς
436 2023 547 2103 χοῖρον
565 2015 625 2084 ἕνα
642 2015 809 2096 ξυνιόντες
823 2020 947 2104 ἵκοντο,

58 2112 113 2180 σύν
128 2111 159 2202 β’
179 2116 303 2204 ἔβαλον
320 2114 446 2202 ῥινούς,
464 2112 531 2184 σύν
548 2113 580 2182 δ’
599 2119 694 2202 ἔγχεα
705 2114 856 2202 κπλμίνύ
868 2113 1005 2200 ἀνδρῶν

61 2214 361 2301 χαλκεοθωρήκων·
374 2212 457 2303 ἀτάρ
474 2212 611 2294 ἀσπίδες
626 2210 852 2303 ὀμφαλόεσσαι

59 2311 173 2400 ἔπληντ’
192 2312 364 2403 ἀλλήλῃσι,
388 2311 494 2394 πολὺς
509 2311 543 2381 δ’
563 2311 751 2406 ὀρυμαγδός
766 2310 896 2402 δρύρει.
945 2357 948 2364 ’

58 2414 131 2480 ἔνθα
148 2413 181 2482 δ’
199 2412 254 2503 ἀμ’
275 2414 400 2502 οἰμωγή
419 2439 453 2482 τε
471 2416 527 2483 καὶ
544 2411 672 2502 εύχωλή
690 2416 790 2484 πέλεν
805 2411 940 2504 ἀνδρῶν
953 2431 1005 2486 εσυ

65 2509 224 2583 ὀλλύντων
239 2540 274 2582 τε
292 2515 346 2584 καὶ
363 2512 569 2601 ὀλλυμένων,
592 2514 645 2600 βόε
663 2511 695 2580 δ’
713 2517 825 2602 αἵματι
841 2527 928 2600 γαῖα.

60 2609 96 2690 ός
111 2611 139 2680 δ’
159 2613 217 2682 ὄτε
233 2618 404 2702 χείμαρροι
421 2615 561 2701 ποταμοὶ
579 2609 645 2682 κατ’
663 2610 781 2698 ὄρεσφι
801 2614 930 2698 ήίοντες

59 2712 85 2790 ίς
99 2714 319 2800 μισγάγκειαν
334 2713 564 2802 συμβάλλετον
580 2711 721 2799 ὄβριμον
739 2711 830 2799 ὕδωρ

60 2820 205 2894 ιρουυοῑν
222 2817 258 2881 ἐκ
274 2812 440 2900 μεγύλων,
463 2818 576 2900 κοίλης
593 2816 732 2882 ἔντοσθε
749 2812 929 2901 χαράδρης·

59 2915 171 2982 τῶνδέ
186 2939 221 2982 τε
237 2913 357 3001 τηλόσε
375 2916 505 2982 δοῦπον
521 2916 558 2980 ἐν
575 2907 713 2998 οὔρεσιν
730 2916 826 2994 ἔκλυε
843 2910 981 2999 ποιμήν·

59 3005 95 3089 ἀς
111 3019 178 3080 τῶν
193 3019 405 3099 μισγομένων
420 3005 533 3098 γένετο
551 3010 625 3098 ίαχή
642 3037 677 3079 τε
695 3009 796 3090 πόνος
812 3017 881 3080 τε.“
954 3028 1005 3081 λόο

94 3119 231 3196 Πρῶτος
242 3110 273 3180 δ’
290 3109 475 3198 Ἀντίλοχος
489 3109 616 3197 Τρύων
627 3112 701 3178 ἕλεν
713 3108 820 3195 ἀνδρα
838 3109 1005 3198 κορυστήν

60 3209 175 3280 ἐσθλὸν
192 3213 240 3282 §vl
257 3211 466 3300 προμάχοισι,
484 3209 698 3298 Θαλυσιάδην
713 3209 909 3298 Ἐχέπωλον·

60 3309 111 3379 τόν
126 3309 157 3395 β’
180 3312 276 3400 ἔβαλε
294 3318 423 3399 πρῶτος
439 3310 590 3398 κόρυθος
608 3309 720 3397 φύλον
738 3313 960 3394 ίπποδασείης,

59 3423 89 3474 ευ
104 3409 138 3479 δὲ
156 3412 297 3504 μετιύπφ
316 3417 407 3499 πῆξε,
429 3411 552 3498 πέρησε
570 3406 600 3478 δ’
621 3406 671 3495 ἀρ’
690 3406 808 3477 δοτεόν
825 3416 903 3476 ελσω
956 3421 1006 3478 46⁰

59 3510 149 3600 αίχμή
169 3515 317 3600 χαλκείη·
340 3510 401 3580 τόν
417 3512 452 3579 δὲ
472 3510 589 3590 σκότος
605 3507 685 3578 ὄσσε
702 3507 863 3592 κάλυψεν,
972 3585 975 3592 ,
