2412 3918
393 283 614 341 ΙΛΙΑΔΟΣ
630 285 677 340 XI.
954 282 1017 346 219

72 443 158 524 [Ζεύς
172 441 237 527 γάρ
254 446 290 510 οί
302 439 470 528 νεμεσᾶθ,
487 437 533 509 ὅτ’
548 439 699 526 ἀμείνονι
714 446 800 528 φωτί
815 443 976 529 μάχοιτο]

107 540 187 620 Ζεύς
204 543 240 611 όέ
254 539 362 629 πατήρ
380 538 500 610 Αἰανθ’
517 539 675 627 ὑψίζυγος
691 545 728 610 ἐν
744 541 854 627 φόβον
870 533 993 625 τόρσεν·

71 647 123 726 στῆ
140 641 174 709 δὲ
189 638 319 726 ταφάν,
337 639 459 708 ὄπιθεν
476 644 512 708 δὲ
528 639 631 719 σάκος
647 639 750 727 βάλεν
766 640 972 728 ἑπταβόειον,

72 742 176 822 τρέσσε
191 741 228 807 δὲ
242 740 416 826 παπτήνας
431 738 482 825 ἐφ’
499 735 629 826 ὁμίλου,
644 743 727 826 θηρί
742 739 866 826 ἐοικός,
964 755 1013 810 545

70 837 383 925 ἐντροπαλιζόμενος,
401 836 515 924 ὀλίγον
528 838 614 923 γόνυ
628 837 751 924 γουνὸς
766 838 922 928 ἀμείβων.

70 935 109 1016 ἀς
125 935 155 1004 θ’
172 946 305 1005 αἴθωνα
321 940 438 1005 λέοντα
453 945 544 1024 βοοῖν
560 934 623 1004 ἀπό
642 939 842 1024 μεσσαύλοιο

69 1035 239 1104 ἐσσεύαντο
255 1031 356 1116 κύνες
370 1061 405 1102 τε
421 1038 477 1105 καί
492 1034 608 1122 ἀνέρες
623 1034 810 1122 ἀγροιῶται,

70 1139 129 1202 οἵτε
143 1163 201 1222 μιν
219 1133 282 1204 ούκ
300 1141 391 1204 εἰῶσι
407 1142 500 1222 βοοῖν
515 1139 551 1204 ἐκ
567 1148 646 1221 πῖαρ
666 1136 802 1203 ἑλέσθαι
962 1149 1014 1202 550

69 1235 225 1321 πάννυχοι
238 1233 471 1322 ἐγρήσσοντες·
490 1231 508 1302 ὁ
525 1234 562 1303 δὲ
577 1241 701 1319 κρειῶν
719 1237 874 1318 ἐρατίζων

69 1332 160 1419 ἰθύει,
177 1331 247 1401 ἀλλ’
263 1332 336 1402 ούτι
352 1333 505 1421 πρήσσει·
522 1335 646 1419 θαμέες
661 1330 726 1417 γάρ
743 1329 882 1410 άκοντες

69 1429 172 1499 ἀντίον
187 1429 343 1500 ἀΐσσουσι
358 1433 551 1515 θρασειάων
567 1429 631 1499 ἀπὸ
649 1439 779 1518 χειροῖν,

68 1529 234 1618 καιόμεναί
246 1558 281 1600 τε
299 1534 398 1619 όεταί,
415 1532 513 1599 τάστε
528 1543 602 1615 τρεῖ
612 1529 795 1616 ἐσσύμενός
810 1553 888 1616 περ·

67 1629 171 1716 ήύθεν
187 1630 220 1698 θ’
238 1631 431 1717 ἀπονόσφιν
446 1637 505 1718 ἒβη
520 1629 661 1716 τετιηότι
674 1633 790 1717 θυμῷ·
961 1647 1011 1698 555

67 1727 107 1808 ἀς
120 1737 200 1810 Λίας
215 1729 280 1800 τότ’
298 1729 363 1798 ἀπό
383 1729 510 1818 Τράων
526 1733 714 1814 τετιημένος
728 1720 809 1815 ἦτορ

67 1829 121 1915 ήίε,
137 1829 228 1897 πόλλ’
245 1826 371 1897 ἀέκων·
389 1830 463 1914 περὶ
478 1825 543 1914 γάρ
560 1832 609 1896 (λίε
626 1828 747 1914 νηυσὶν
760 1823 908 1912 Ἀχαιῶν.

68 1926 148 2007 ἀςό
167 1925 211 1997 ὅτ’
228 1927 308 2008 όνος
325 1925 400 2013 παρ’
417 1926 569 2012 ἀρουραν
585 1921 647 1993 ἰάν
662 1924 817 2012 ἐβιήσατο
835 1929 954 2001 παῖδας

67 2025 179 2114 νωθής,
198 2019 227 2118 ᾦ
244 2023 285 2114 δή
302 2023 411 2094 πολλά
427 2028 502 2110 περὶ
517 2021 631 2109 ῥόπαλ’
647 2021 749 2108 ἀμφὶς
764 2020 853 2106 ἐάγη,

67 2133 158 2212 κείρει
172 2127 198 2195 τ’
216 2125 383 2196 εἰσελθὸν
397 2123 491 2212 βαθύ
508 2123 618 2210 λήιον·
635 2125 669 2189 οἰ
683 2122 721 2187 δέ
734 2145 769 2186 τε
784 2123 898 2196 παῖδες
961 2133 1012 2188 550

67 2227 239 2294 τύπτουσιν
256 2224 445 2311 ῥοπάλοισι·
463 2228 517 2308 βίη
535 2223 574 2289 δέ
587 2247 623 2288 τε
639 2222 740 2305 νηπίη
758 2215 885 2284 αὐτῶν·

66 2329 188 2412 σπουδή
204 2325 236 2392 θ’
255 2323 450 2410 ἐξήλασσαν,
468 2324 542 2388 ἐπεί
552 2316 579 2386 τ’
596 2319 792 2400 ἐκορέσσατο
809 2320 954 2400 φορβῆς·

67 2418 104 2500 ἀς
115 2421 178 2491 τότ’
196 2420 294 2490 ἔπειτ’
310 2431 440 2490 Αίαντα
455 2422 571 2506 μέγαν,
590 2415 805 2502 Τελαμώνιον
820 2414 908 2500 νίὁν,

69 2527 169 2605 Τρῶες
184 2518 377 2608 ὑπέρθυμοι
394 2519 615 2604 πολυηγερέες
630 2515 656 2583 τ’
674 2519 846 2600 ἐπίκουροι

67 2621 238 2700 νύσσοντες
254 2626 401 2700 ξυστοῖσι
416 2623 520 2704 μέσον
536 2615 639 2694 σάκος
655 2618 726 2681 αἰὲν
740 2615 869 2680 ἕποντο.
961 2625 1011 2680 555

67 2727 140 2798 Αἰας
157 2717 190 2786 θ’
207 2717 326 2786 ἀλλοτε
343 2717 406 2804 μέν
421 2714 632 2802 μνησάσκετο
648 2711 811 2795 θούριδος
827 2709 930 2795 ἀλκῆς

66 2809 149 2896 αὖτις
163 2814 423 2902 ύποστρεφθείς,
441 2819 496 2882 καλ
513 2812 715 2899 ἐρητύσασκε
734 2810 908 2895 φάλαγγας

70 2915 187 2998 Τρόων
202 2914 421 2999 ἱπποδάμων·
441 2909 495 2978 ὁτὲ
511 2911 548 2978 δὲ
562 2909 774 2992 τρωπάσκετο
792 2906 939 2990 φεύγειν.

67 3014 182 3094 πάντας
199 3014 235 3081 δὲ
253 3017 414 3098 προέεργε
431 3008 517 3088 θοάς
532 3011 585 3078 ἐπί
599 3015 682 3093 νῆας
697 3003 838 3091 ὁδεύειν,

68 3109 156 3192 αὐτὸς
172 3112 208 3180 όέ
227 3110 356 3196 Τρώων
372 3111 429 3177 καί
442 3108 581 3195 Ἀχαιῶν
595 3113 683 3172 θῦνε
699 3102 827 3191 μεσηγύ
962 3117 1013 3172 570

66 3207 244 3296 ἱστάμενος·
262 3208 303 3277 τά
321 3211 357 3277 δέ
375 3213 483 3290 δοῦρα
499 3201 693 3292 θρασειάων
707 3203 772 3272 ἀπὸ
791 3209 910 3289 χειροῖν

43 3316 47 3324 “
66 3306 139 3375 ἀλλα
154 3311 217 3395 μὲν
233 3311 272 3376 έν
288 3306 386 3374 σάκεϊ
399 3305 533 3392 μεγάλω
549 3303 657 3388 πάγεν
674 3301 798 3388 ὄρμενα
812 3297 958 3386 πρόσσω,

66 3405 161 3475 πολλὰ
179 3407 289 3481 δὲκαὶ
306 3402 469 3492 μεσσηγύ,
485 3403 593 3488 πάρος
606 3400 690 3485 χρόα
705 3395 829 3466 λευκὸν
844 3399 1012 3479 ἐπαυρελν,

67 3508 97 3572 ἐν
109 3512 183 3594 γαίη
198 3511 347 3591 ἵσταντο,
364 3502 559 3587 λιλαιόμενα
575 3495 673 3584 χροὸς
688 3489 774 3563 ἀσαι.
