2470 3926
398 281 617 341 ΙΛΙΑΔΟΣ
636 285 710 340 XXI.
972 284 1034 350 413

68 437 184 524 πάντη
202 465 238 506 τε
255 443 406 508 κλονέων
423 437 546 527 άυεμος
564 439 675 527 φλόγα
692 443 871 532 εἰλυφάζει,

69 532 118 614 δός
135 534 195 621 ὅγε
212 535 321 624 πάντη
337 545 427 606 θύνε
443 535 509 606 σύν
524 543 621 626 ἔγχει,
641 543 773 627 δαίμονι
789 539 870 627 ἶσος,

68 637 310 724 κτεινομένους
326 638 475 723 ἐφέπων·
494 639 548 725 ῥέε
566 635 597 706 δ’
618 643 730 726 αἵματι
745 653 824 726 γαῖα
840 641 987 727 μέλαινα.

67 733 118 814 ὠς
136 733 171 803 δ’
190 734 246 805 ότε
266 762 316 816 τις
331 737 428 825 ζεύζχ
443 736 528 824 βόας
543 735 688 823 ἄρσενας
703 737 960 826 εὐρυμετώπους
980 757 1032 814 495

65 837 263 922 τριβέμεναι
279 848 338 923 κρί
351 833 473 904 λευκόν
487 839 662 926 ἐϋκτιμένῃ
677 841 715 906 έυ
725 834 828 926 ἀλωῇ,

65 935 180 1020 ῥίμφα
195 959 231 1002 τε
247 932 334 1002 λέπτ’
352 938 505 1021 ἐγένοντο
522 943 614 1023 βοάν
627 934 693 1005 ὑπὸ
712 936 813 1006 πόσσ’
832 939 1010 1027 ἐριμύκων,

66 1029 115 1112 δός
131 1029 187 1102 ὑπ’
209 1031 376 1120 Ἀχιλλῆος
392 1033 592 1121 μεγαθύμου
607 1035 756 1128 μάνυχες
772 1041 867 1106 ἵπποι

64 1139 206 1220 στεῖβον
222 1130 310 1220 ὁμοῦ
326 1134 450 1214 νέκυάς
466 1159 501 1202 τε
517 1137 572 1204 καί
586 1132 741 1214 ἀσπίδας·
762 1139 873 1222 αἵματι
889 1134 920 1204 δ’
941 1135 1031 1220 άξων

64 1233 196 1318 νέρθεν
213 1230 302 1312 άπας
318 1233 509 1302 πεπάλακτο
525 1235 581 1302 καὶ
598 1233 738 1322 άντυγες
754 1239 791 1303 αί
805 1237 880 1321 περὶ
897 1241 1029 1325 δίφρον,

64 1328 107 1412 ἃς
125 1329 180 1417 ἄρ’
198 1328 255 1418 ἀφ’
274 1335 415 1402 ίππείωυ
431 1331 563 1402 ὁπλέων
579 1333 783 1422 ῥαθάμιγγες
799 1339 942 1421 ἔβαλλον
977 1351 1027 1406 501

63 1435 101 1499 αἳ
115 1427 143 1499 τ’
162 1427 219 1499 ἄπ’
236 1431 465 1518 έπισσιότρωυ·
483 1430 502 1502 ό
520 1435 556 1502 δέ
576 1437 643 1502 ἵετο
660 1437 762 1514 κῦδος
779 1431 922 1519 ἀρέσθαι

63 1536 245 1620 Πηλείδης,
264 1531 382 1624 λύθρῳ
404 1533 440 1602 δὲ
458 1533 643 1602 παλάσσετο
661 1545 771 1620 χεῖρας
788 1531 944 1613 ἀάπτους.

405 1799 681 1810 m

261 2033 719 2124 ιΛιΑΔοΣ
781 2039 840 2122 ο.

296 2289 421 2389 Μάχη
453 2289 804 2388 παραποτάμιος.

67 2433 160 2513 AM:
181 2436 238 2507 ὅτε
256 2435 298 2526 δὴ
317 2439 428 2526 πόρου
442 2435 516 2520 ἷξον
532 2443 680 2526 ἐϋρρεῖος
695 2451 866 2526 ποταμοῖο,
1026 2503 1029 2508 ,

61 2541 208 2617 Ξάνθου
227 2541 410 2628 δινήεντος,
426 2536 467 2608 όν
485 2539 654 2618 άθάνατος
669 2539 781 2607 τέκετο
797 2535 892 2623 Ζεύς,

61 2646 151 2708 ἔνθα
170 2639 351 2727 διατμήξας
367 2637 448 2718 τούς
464 2640 526 2726 μὲν
541 2643 695 2707 πεδίονδε
714 2643 835 2706 δίωκεν

61 2738 148 2826 πρός
168 2741 279 2828 πόλιν,
297 2732 385 2829 ᾗπερ
404 2737 526 2824 Ἀχαιοὶ
542 2737 736 2824 άτυζόμενοι
752 2739 914 2825 φοβέοντο

61 2838 165 2927 ἤματι
185 2847 234 2930 τῷ
249 2841 412 2929 προτέρῳ,
430 2837 486 2906 ὅτε
502 2844 637 2926 μαίνετο
655 2843 811 2924 φαίδιμος
819 2833 961 2920 Ἕκτωρ·
1014 2850 1030 2903 ε

60 2949 101 3028 τῇ
119 2937 149 3026 ῥ’
168 2943 241 3026 οἵγε
258 2941 440 3024 προχέοντο
459 2936 650 3024 πεφυζότες,
667 2933 750 3022 ἠέρα
767 2932 799 3001 δ’
809 2932 896 3018 Ἥρη

60 3047 164 3108 πίτνα
181 3040 316 3126 πρόσθε
333 3045 478 3127 βαθεῖαν
496 3040 672 3124 ἐρυκέμεν·
688 3033 819 3122 ἡμίσεες
836 3033 872 3100 δὲ

59 3142 93 3218 ἐς
110 3136 268 3228 ποταμόν
286 3144 437 3208 είλεῦυτο
455 3137 656 3225 βαθύρροον
684 3133 920 3220 ἀργυροδίνην,

59 3241 98 3304 ἐν
116 3235 149 3306 δ’
170 3245 293 3308 ἔπεσον
308 3238 443 3328 μεγάλῳ
461 3237 608 3324 πατάγῳ,
627 3235 729 3323 βράχε
746 3235 778 3302 δ’
797 3233 878 3302 αίπὰ
894 3233 1029 3318 ῥέεθρα,

61 3336 167 3423 ὄχθαι
183 3335 217 3406 δ’
236 3335 324 3424 ἀμφὶ
341 3341 418 3422 περί
434 3337 547 3423 μεγάλ’
564 3345 674 3422 ἴαχον·
692 3331 770 3404 οί,δ’
790 3330 944 3420 ἀλαλητῷ
996 3345 1030 3398 10

60 3441 182 3508 ἐυυεον
198 3441 287 3506 ἔνθα
304 3437 360 3505 καὶ
378 3441 476 3522 ἔνθα,
494 3434 702 3521 ἑλισσόμενοι
716 3431 792 3514 περὶ
808 3434 910 3508 δίνας.

61 3530 106 3614 ὡς
123 3533 161 3603 δ’
178 3532 235 3602 ὅθ’
255 3531 323 3602 ὑπό
342 3537 442 3634 ῥιπῆς
458 3531 565 3620 πυρός
581 3530 713 3619 άκρίδες
728 3529 926 3618 ἠερέθονται
