2470 3926
431 207 772 290 ικεκκοεεοισι.
1025 227 1087 296 ⁴55

131 383 316 484 Πατρόκλῳ
332 389 540 482 ήρωίιιόμηυ
556 386 715 477 ὀπάσαιμι
730 395 929 480 φέρεσθαι.“

174 485 234 570 Ὦς
249 490 353 562 εἰπόν
368 495 406 561 ἐν
421 493 512 578 χερσὶ
528 485 637 578 κόμην
652 489 782 575 ἐτᾶροιο
799 497 919 576 φίλοιο,

132 597 250 678 θῆκεν,
267 606 350 661 τοῖσι
369 591 405 660 δὲ
421 597 524 660 πᾶσιν
539 587 596 675 ὑφ’
615 592 733 676 ἵμερον
750 581 836 677 ὦρσε
850 590 954 678 γόοιο.

131 696 192 757 καί
204 692 248 758 νύ
262 687 290 759 κ’
309 689 563 779 ὀδυρομένοισιν
578 693 638 758 ἐδυ
654 687 739 774 φᾶος
755 687 890 778 ήελίοιο,

130 791 162 856 εί
176 785 220 876 μή
234 786 399 876 Ἀχιλλεδς
418 786 484 871 αἰψ’
496 785 716 876 Ἀγαμέμνονι
732 786 803 860 εἷπε
818 791 987 874 παραστάς
1037 808 1087 864 111

173 885 346 977 ,,Ἀτρείδη
362 931 381 942 -
397 889 450 957 σοὶ
465 887 530 974 γᾶρ
546 912 581 956 τε
597 886 741 974 μόλιστᾶ
756 914 795 974 γε
810 887 890 970 λαός
901 887 1040 977 Ἀχαιιδν

129 992 301 1055 πείσονται
316 988 457 1075 μύθοισι
471 1027 490 1038 -
505 985 599 1072 γόοιο
615 987 677 1072 μέν
692 977 761 1054 ἐσδι
776 988 832 1056 καὶ
847 979 933 1056 ἆσαι.

130 1091 197 1152 νῦν
214 1081 246 1152 δ’
266 1081 331 1154 ἄπδ
350 1093 514 1173 πυρκαϊῆς
530 1087 695 1155 σκέδασον
708 1086 764 1154 καὶ
780 1090 915 1156 δεῖπνον
930 1085 1061 1174 ἄνωχθι

129 1181 312 1252 ὅπλεσθαι·
327 1183 407 1254 τάδε
423 1181 456 1253 δ’
472 1181 761 1270 ἄμφιπονησόμεθ’
780 1179 847 1253 οίσι
862 1186 1002 1272 μάλιστα

128 1281 253 1368 κήδεός
273 1286 341 1352 ἐστι
363 1286 476 1363 νέκυς·
501 1280 589 1370 παρὰ
613 1279 645 1352 δ’
669 1285 704 1350 οἵ
721 1279 752 1350 τ’
771 1281 846 1370 ἀγοὶ
861 1282 945 1372 ἄμμι
962 1285 1085 1373 μενόν-
1135 1277 1143 1282 ’

561 1389 568 1402 ’
627 1387 728 1449 των.“
1035 1398 1086 1454 160

171 1477 289 1567 Αὐτὰρ
305 1482 376 1549 ἐπεὶ
389 1478 455 1568 τόγ’
468 1480 614 1550 ἄκουσεν
624 1479 706 1562 ἄναξ
715 1477 852 1568 ἄνδριόν
865 1477 1086 1569 Ἀγαμέμνων,

128 1577 252 1658 αὐτίκα
267 1579 351 1650 λαόν
366 1583 429 1668 μὲν
445 1585 607 1652 σκέδασεν
622 1579 706 1648 κατὰ
723 1586 806 1666 νῆας
822 1581 921 1663 ἐίσας,

128 1678 312 1766 κηδεμόνες
326 1679 362 1748 δέ
378 1677 453 1766 παρ’
471 1671 555 1748 αὖθι
572 1684 676 1767 μένον
691 1681 747 1748 καί
764 1677 865 1765 νήεον
881 1676 977 1766 ἄλην,

129 1783 276 1866 ποίησαν
293 1777 328 1848 a}
343 1777 457 1867 πυρήν
474 1780 702 1867 ἑκατόμπεδον
718 1783 804 1847 ἔνθα
820 1779 876 1846 καὶ
893 1784 988 1863 ἔνθα,

128 1881 168 1947 ἐν
187 1877 223 1946 δέ
240 1885 332 1967 πυρῆ
347 1874 457 1967 ὑπάτη
474 1877 597 1966 νεκρόν
615 1879 724 1946 θίσαν
741 1875 922 1965 ἀχνύμενοι
939 1885 1011 1966 κῆρ.
1036 1893 1085 1948 165

129 1975 239 2045 πολλὰ
256 1976 293 2046 δέ
310 1985 386 2063 ίφια
401 1984 489 2064 μῆλα
506 1979 561 2046 καὶ
578 1981 745 2055 εἰλίποδας
759 1977 871 2058 ἕλικας
886 1983 969 2064 βοῦς

129 2075 265 2160 πρόσθε
288 2083 396 2164 πυρῆς
419 2076 537 2162 ἔδερόν
559 2101 594 2144 τε
617 2078 673 2145 καὶ
696 2069 873 2161 ἄμφεπον·
902 2077 939 2142 ἐκ
964 2071 994 2142 δ’
1021 2074 1086 2162 ἄρα

627 2198 764 2244 παντων
873 2214 877 2232 ·

130 2272 241 2362 δημόν
259 2272 345 2343 ἑλόν
360 2273 505 2356 ἐκάλυψε
521 2277 626 2344 νέκυν
642 2271 839 2360 μεγάθυμος
851 2267 1016 2356 Ἀχιλλεύς

129 2376 166 2453 ἐς
183 2372 290 2453 πόδας
305 2377 342 2442 ἐκ
360 2381 518 2462 κεφαλῆς,
536 2373 612 2458 περὶ
629 2373 665 2441 δέ
682 2367 786 2459 δρατὰ
805 2369 941 2456 στόματα
958 2368 1046 2458 νήει·

131 2475 169 2542 ἐν
188 2471 220 2541 δ’
239 2475 342 2542 ἐτίθει
358 2475 488 2560 με’λιτος
504 2475 560 2542 καί
576 2470 753 2558 ἀλείφατος
769 2469 994 2558 ἀμφιφορῆας,
1036 2485 1087 2541 170

131 2569 217 2657 πρὸς
234 2573 329 2658 λέχεα
345 2580 483 2640 κλίνων·
508 2576 651 2658 πίσυρας
670 2569 702 2638 δ’
720 2569 913 2656 ἐριαύχενας
929 2572 1051 2648 ἵππους

131 2672 323 2757 ἐσσυμένως
339 2673 494 2757 ἐυέβαλλε
510 2677 612 2760 πνρῆ,
629 2669 757 2758 μεγάλα
773 2673 979 2755 στεναχίζων.

131 2769 230 2837 ἐννέα
246 2773 332 2859 τῷγε
348 2768 467 2838 ἄνακτι
483 2775 659 2857 τραπεζῆες
674 2769 775 2850 κύνες
789 2761 893 2856 ήσαν·

131 2870 189 2938 καὶ
206 2867 268 2952 μὲν
285 2873 354 2936 τεόν
371 2870 525 2956 ἐνέβαλλε
541 2877 633 2958 πυρῆ
650 2869 711 2938 δύο
729 2867 975 2955 δειροτομήσας,

133 2965 265 3034 δυόδεκα
283 2967 319 3036 δὲ
339 2967 466 3050 Τριόων
481 2967 690 3055 μεγαθύμων
707 2970 798 3045 υίέας
815 2964 960 3045 ἐσθλοὺς
1040 2981 1089 3037 175
1177 3015 1181 3023 =

131 3069 244 3154 χαλκςό
262 3064 401 3151 δηϊόων·
419 3066 506 3134 κακδ
525 3069 560 3136 δὲ
578 3068 676 3152 φρεσὶ
692 3066 813 3152 μήδετο
831 3067 926 3152 ἔργα·

9 3215 12 3236 ,
133 3168 171 3232 ἐν
192 3163 228 3232 δέ
246 3165 352 3250 πυρὸς
367 3169 466 3253 μένος
480 3157 543 3253 ήκε
560 3163 725 3258 σιδήρεον,
743 3162 834 3249 ὄφρα
853 3165 994 3250 νέμοιτο.

134 3261 273 3356 ᾤμωξέν
289 3263 315 3332 τ’
332 3261 384 3350 ἄρ’
400 3269 521 3352 ἔπειτα,
539 3272 641 3352 φίλον
659 3261 690 3332 δ’
711 3260 878 3349 ὀνόμηνεν
896 3263 1026 3346 ἑταῖρον

177 3368 307 3452 ,,Χαλρέ
321 3391 388 3451 μοι,
409 3357 436 3432 ό
452 3363 637 3452 Πάτροκλε,
656 3363 711 3432 καὶ
728 3366 779 3430 είν
794 3357 902 3428 Ἀίδαο
922 3357 1089 3444 δόμοισιν·

134 3464 244 3532 πάντα
260 3460 327 3548 γᾶρ
346 3461 407 3550 ήδη
426 3488 476 3531 τοι
493 3467 591 3533 τελέω
605 3463 644 3532 τό
664 3459 829 3549 πᾶροιθεν
847 3454 1000 3542 ὑπέστην.
1043 3471 1092 3524 1811
