2412 3918
204 259 265 324 176
552 247 773 308 ΙΛΙΑΔΟΣ
792 245 818 302 Ι.

204 421 259 491 καί
274 418 339 505 γάρ
355 441 390 484 τε
405 417 505 484 Λιταί
518 416 581 479 εἰσι
599 405 682 486 Διὸς
705 411 826 487 κοῦραι
845 397 1013 486 μεγάλοιο,

205 525 310 608 χωλαί
325 542 359 584 τε
376 518 478 602 ῥυσαί
493 537 527 580 τε
546 507 764 594 παραβλῶπές
778 497 808 570 τ’
827 495 1006 584 ὀφθαλμώ,

208 623 245 691 αί
258 619 299 706 ῥά
315 642 351 684 τε
369 615 425 682 καί
437 604 612 699 μετόπισθ’
625 605 723 691 ’Άτης
738 600 894 686 ἀλέγουσι
909 601 1053 664 κιοῦσαι.
1094 655 1098 660 ,

206 718 226 807 ή
245 715 276 786 δ’
289 716 367 801 ’Ἇτη
384 709 534 796 σθεναρή
549 735 584 776 τε
602 707 658 774 καὶ
673 701 818 790 ἀρτίπος,
837 697 962 767 οὕνεκα
979 690 1085 770 πάσας
1106 702 1146 758 5⁰5

208 814 334 888 πολλόν
352 810 589 894 ὑπεκπροθέει,
607 803 733 892 φθάνει
752 803 791 868 δέ
804 824 840 866 τε
858 803 971 864 πᾶσαν
987 787 1039 860 ἐπ’
1062 785 1129 856 αἶαν

207 910 391 1006 βλέποντ’
410 908 628 996 ἀνθρώπους·
653 907 689 971 αί
703 898 736 969 δ’
752 899 939 980 ἐξακέονται
957 891 1093 960 ὀπίσσω.

208 1015 244 1097 δς
261 1019 322 1102 μέν
337 1010 368 1080 τ’
386 1013 547 1078 αἰδέσεται
562 1005 687 1091 κούρας
706 997 788 1078 Διὸς
804 989 910 1064 ἀσσον
929 989 1057 1074 ίοόσας,

171 1178 172 1182 ,
208 1113 268 1184 τὸν
288 1111 324 1180 δὲ
342 1107 415 1198 μέγ’
434 1106 569 1194 άνησαν
584 1110 642 1172 καί
653 1099 683 1171 τ’
702 1105 823 1169 ἐκλυον
836 1092 1045 1181 εὐχομένοιο·

209 1212 247 1294 δς
266 1214 305 1282 δέ
318 1210 353 1280 κ’
369 1207 529 1296 ἀνήνηται
544 1209 602 1273 καί
616 1229 651 1271 τε
671 1203 810 1284 στερεῶς
829 1194 982 1281 ἀποείπῃ,
1106 1201 1149 1253 510

210 1319 380 1382 λίσσονται
397 1306 429 1376 δ’
449 1307 514 1396 ἀρα
532 1311 624 1390 ταίγε
642 1309 710 1371 Δία
725 1302 902 1383 Κρονίωνα
921 1299 1056 1362 κιοῦσαι

209 1419 257 1502 τῷ
269 1409 371 1497 ’Ἁτην
387 1404 444 1494 ἀμ’
462 1407 613 1488 ἕπεσθαι,
634 1405 689 1470 ἵνα
709 1397 873 1486 βλαφθεὶς
890 1391 1041 1479 ἀποτίσῃ.

211 1509 297 1595 ἀλλ’,
313 1508 454 1594 Ἀχιλεῦ,
471 1505 554 1590 πόρε
571 1505 627 1571 καί
646 1498 689 1568 σύ
707 1498 790 1577 Διδς
806 1495 971 1582 κούρῃσιν
987 1492 1124 1557 ἕπεσθαι

209 1609 319 1698 τιμήν,
336 1605 390 1694 ἥτ’
408 1606 519 1675 ἀλλων
534 1627 596 1691 περ
612 1598 828 1686 έπνγνάμπτει
846 1593 929 1664 νόον
945 1595 1086 1658 ἐσθλῶν.

210 1717 241 1778 εἰ
254 1710 316 1796 μέν
332 1704 398 1793 γάρ
416 1703 460 1792 μή
479 1709 570 1787 δῶρα
588 1697 751 1787 φέροι,τά
771 1693 805 1763 δ’
823 1689 939 1762 ὄπισθ’
964 1687 1118 1774 ὀνομάζοι

207 1806 379 1895 Ἀτρείδης,
398 1801 469 1872 ἀλλ’
490 1802 561 1870 αίέν
577 1804 778 1886 ἐπιζαφελῶς
793 1801 997 1883 χαλεπαίνοι,
1109 1799 1153 1854 516

211 1903 273 1973 οὐκ
290 1899 334 1972 ἀν
351 1905 455 1988 ἔγωγέ
471 1919 507 1968 σε
523 1906 625 1986 μήνιν
643 1897 875 1984 ἀπορρίψαντα
892 1896 1053 1976 κελοίμην

209 2001 402 2091 Ἀργείοισιν
419 1997 631 2086 ἀμυνέμεναι,
648 1997 805 2084 χατέουσί
820 2015 881 2079 περ
898 1995 1019 2076 ἒμπης·

214 2111 278 2174 νῦν
301 2101 331 2171 δ’
358 2100 426 2187 ἅμα
448 2096 479 2167 τ’
503 2095 620 2166 αὐτίκα
643 2098 749 2164 πολλοὶ
776 2098 877 2176 διδοῖ,
902 2089 942 2158 τὰ
968 2087 1000 2156 δ’
1021 2086 1154 2154 ὄπισθεν

198 2265 202 2272 .
669 2193 804 2281 ὑπέστη,

211 2300 335 2384 ἀνδρας
353 2298 388 2366 δέ
407 2303 581 2364 λίσσεσθαι
595 2295 813 2380 ἐπιπροέηκεν
832 2289 989 2379 ἀρίστους
1112 2299 1155 2352 520

211 2398 410 2483 κρινάμενος
427 2392 509 2462 κατά
527 2392 610 2462 λαόν
623 2391 803 2480 Ἀχαιϊκόν,
822 2395 889 2460 οἵτε
907 2392 961 2458 σοί
978 2385 1071 2476 αὐτῷ

212 2505 362 2584 φίλτατοι
379 2493 548 2579 Ἀργείων·
566 2502 633 2562 τῶν
650 2490 695 2580 μή
713 2492 795 2576 σῦγε
811 2498 926 2576 μῦθον
942 2491 1074 2576 ἐλέγξῃς

212 2597 294 2682 μηδὲ
310 2591 431 2671 πόδας·
453 2594 532 2678 πρὶν
549 2589 579 2658 δ’
600 2589 674 2658 οότι
689 2586 893 2676 νεμεσσητὸν
908 2594 1125 2675 κεχολῶσθαι.

212 2693 300 2762 οὕτω
317 2693 373 2760 καὶ
389 2697 457 2758 τῶν
474 2689 626 2775 πρόσθεν
642 2687 857 2774 ἐπευθόμεθα
873 2689 955 2756 κλέα
971 2678 1107 2772 ἀνδρῶν

210 2792 343 2880 ήρεόων,
366 2789 420 2859 ὅτε
437 2791 497 2859 κέν
512 2786 570 2856 τιν’
590 2787 782 2873 ἐπιζάφελος
797 2785 893 2872 χόλος
909 2789 992 2854 ίκοι·
1114 2797 1157 2849 525

86 2885 88 2889 ¹
213 2895 356 2978 δωρητοί
369 2915 405 2956 τε
421 2893 558 2958 πέλοντο
576 2886 786 2973 παράρρητοί
798 2883 821 2950 τ’
842 2885 1005 2952 ἐπέεσσιν.

211 2993 378 3076 μέμνημαι
393 2987 469 3055 τάδε
487 2993 587 3073 ἔργον
603 2983 668 3071 έγῶ
685 2986 797 3070 πάλαι,
820 2982 893 3050 οάτι
911 2983 992 3050 νέον
1009 3007 1059 3068 γε,

213 3085 257 3166 ῶς
273 3079 330 3173 ἦν·
352 3089 389 3152 έν
406 3083 436 3152 δ’
454 3082 534 3170 ὑμίν
551 3087 632 3170 ἐρέω
650 3083 809 3152 πάντεσσι
826 3087 984 3168 φίλοισιν.

211 3185 382 3271 Κουρῆτές
399 3181 429 3250 τ’
447 3183 605 3270 έμάχοντο
623 3184 678 3250 καὶ
693 3181 836 3250 Αἰτωλοὶ
852 3177 1057 3266 μενεχάρμαι

212 3283 296 3372 ἀμφὶ
313 3282 412 3379 πόλιν
429 3287 617 3351 Καλυδῶνα
634 3282 689 3349 καί
706 3279 871 3366 ἀλλήλους
887 3277 1052 3366 ἐνάριζον,
1113 3286 1170 3342 ολδ

211 3381 354 3451 Αίτωλοὶ
370 3381 432 3467 μὲν
448 3378 653 3467 ἀμυνόμενοι
668 3382 874 3458 Καλυδῶνος
890 3380 1046 3466 ἐραννῆς,

211 3486 380 3567 Κουρῆτες
397 3481 432 3549 δὲ
450 3482 666 3565 διαπραθέειν
683 3485 850 3564 μεμαῶτες
864 3475 970 3562 Ἄρηι.
