2406 3920
396 246 615 305 ΙΛΙΑΔΟΣ
636 247 709 304 xlv.
965 241 1027 305 285

74 403 222 470 Σάτνιον
240 401 361 471 οὔτασε
380 405 475 488 δουρὶ
492 404 694 492 μετάλμενος
710 403 861 488 ὀξυόεντι

74 499 265 590 Ἠνοπίδην,
283 500 325 570 ὄν
340 502 407 589 ἀρα
436 503 551 590 νύμφη
568 508 643 573 τέκε
660 511 735 593 νηῒς
749 503 892 592 ἀμύμων

70 600 192 670 Ἤνοπι
207 607 424 690 βουκολέοντι
440 601 514 688 παρ’
532 601 638 690 ὄχθοις
655 605 885 684 Σατνιόεντος.
981 621 1027 676 ub

76 699 136 768 τόν
152 701 215 788 μέν
229 700 391 789 Ὀϊλιάδης
407 700 624 788 δουρικλυτός
642 705 789 790 ἐγγύθεν
806 702 919 774 ἐλθόν

75 794 158 870 οὖτα
182 798 265 868 κατὰ
289 799 500 898 λαπάρηνζό
525 800 557 870 δ’
576 801 784 891 ἀνετράπετ’,
810 802 894 890 ἀμφὶ
919 803 953 872 δ’
968 800 1023 889 ἀρ’

567 927 656 990 αυτῷ

77 1005 189 1084 Τρῶες
204 1004 260 1069 καὶ
275 1002 405 1069 Δαναοὶ
422 1000 572 1087 σύναγον
588 1001 754 1090 κρατερὴν
771 1000 924 1091 ὑσμίνην.

74 1105 118 1188 τῷ
138 1096 169 1165 δ’
190 1101 243 1168 ἐπὶ
260 1099 483 1187 Πουλυδάμας
499 1103 697 1187 ἐγχέσπαλος
713 1096 822 1188 ἦλθεν
838 1101 995 1191 ἀμύντωρ

76 1203 280 1284 Πανθοίδης,
298 1199 379 1284 βάλε
397 1201 433 1268 δὲ
448 1201 675 1286 Προθοήνορα
693 1199 803 1281 δεξιόν
820 1195 922 1290 τόμον,
975 1222 1027 1272 σου

78 1297 152 1366 υίόν
167 1295 386 1386 Ἀρηϊλύκοιο,
404 1297 442 1368 δι’
462 1297 556 1386 ἀμαυ
573 1296 606 1367 δ’
624 1300 766 1388 ὄβριμον
782 1307 876 1389 ἔγχος

76 1405 180 1485 ἔσχεν,
197 1395 217 1466 ὁ
236 1396 269 1465 δ’
286 1401 324 1467 έν
339 1405 470 1487 κονίησι
485 1397 598 1469 πεσόν
616 1402 670 1470 έλε
688 1415 789 1488 γαῖαν
802 1399 943 1493 ἀγοστῷ.

81 1499 302 1586 Πουλυδάμας
319 1497 353 1568 δ’
371 1505 537 1586 ἔκπαγλον
553 1499 712 1582 ἐπεύξατο
728 1500 860 1589 μακρόν
879 1499 985 1582 ἀΰσας

115 1598 195 1688 ,,Οό
213 1597 281 1686 μάν
296 1591 365 1668 αὖτ’
385 1596 444 1668 ὀίω
461 1598 661 1686 μεγαθύμου
677 1606 874 1669 Πανθοίδαο

77 1699 184 1788 χειρὸς
201 1699 267 1768 ἀπο
286 1707 443 1787 στιβαρῆς
459 1697 556 1768 άλιον
572 1704 716 1788 πηδῆσαι
733 1698 868 1786 ἄκοντα,
977 1716 1027 1770 455

78 1797 158 1868 ἀλλά
174 1825 226 1878 τις
243 1797 400 1885 Ἀργείων
418 1799 533 1885 κόμισε
549 1803 632 1884 χροῒ,
650 1805 707 1866 καί
721 1821 780 1884 μιν
796 1794 856 1866 ὄλω

78 1897 164 1990 αὐτῷ
184 1897 415 1985 σκηπτόμενον
431 1904 566 1984 κατίμεν
583 1899 688 1985 δόμον
701 1895 811 1978 Ἀίδας
828 1903 939 1967 είσω.“

118 1994 179 2077 Ὦς
196 1994 300 2084 ἔφατ’,
315 1993 488 2082 Ἀργείοισι
505 1993 536 2065 δ’
556 1995 633 2082 άχος
648 1995 749 2082 γένετ’
768 1993 974 2083 εὐξαμένοιο·

78 2107 195 2166 Αίαντι
214 2096 249 2165 δὲ
267 2096 408 2183 μάλιστα
426 2100 583 2182 δαΐφρονι
598 2094 714 2182 θνμδν
730 2095 855 2181 ὄρινεν,

77 2205 121 2288 τῷ
140 2193 396 2283 Τελαμωνιάδῃ·
418 2203 479 2262 τοῦ
495 2193 559 2281 γάρ
577 2198 676 2263 πέσεν
694 2194 768 2281 ἀγχι
784 2194 934 2282 μάλιστα.
964 2209 1030 2290 ,460

78 2302 291 2382 καρπαλίμως
307 2292 338 2362 δ’
358 2293 516 2374 ἀπιόντος
531 2293 686 2362 ἀκόντισε
703 2297 799 2382 δουρί
817 2300 953 2382 φαεινῷ.

80 2395 304 2481 Πουλυδάμας
320 2392 351 2461 δ’
373 2391 474 2474 αὐτὸς
489 2393 551 2481 μέν
567 2391 710 2462 ἀλεύατο
737 2400 823 2481 κῆρα
840 2396 999 2480 μέλαιναν

79 2497 222 2581 λικριφὶς
239 2492 343 2579 ἀίξας,
360 2493 499 2580 κόμισεν
517 2490 549 2560 δ’
564 2491 761 2580 Ἀντήνορος
777 2489 850 2572 νίδς

80 2583 277 2682 Αρχέλοχος·
296 2601 344 2684 τῷ
360 2593 424 2680 γάρ
442 2596 484 2680 ῥα
500 2594 574 2661 θεοὶ
591 2593 782 2678 βούλευσαν
797 2590 951 2673 ὄλεθρον.
981 2605 1030 2660 464

80 2695 137 2763 τόν
153 2693 186 2783 ῥ’
205 2699 324 2782 ἔβαλεν
342 2699 489 2781 κεφαλῆς
505 2717 540 2761 τε
557 2696 612 2761 καί
630 2691 768 2779 αὐχένος
784 2696 820 2760 ἐν
838 2697 1020 2779 συνεοχμῷ,

80 2801 209 2862 νείατον
226 2791 450 2879 ἀστράγαλον,
468 2789 533 2860 ἀπὸ
552 2790 584 2858 δ’
602 2791 702 2880 ὄμφω
720 2794 816 2874 κέρσε
831 2792 978 2856 τένοντε·

80 2900 139 2961 τοῦ
157 2894 192 2962 δὲ
207 2892 298 2961 πολι)
315 2892 480 2977 πρότερον
496 2890 624 2978 κεφαλὴ
640 2891 745 2978 στόμα
761 2914 797 2957 τε
815 2890 903 2977 ρίνές
917 2913 952 2955 τε

82 2990 173 3060 οόδεί
189 2989 306 3080 πλῆντ’
324 2991 410 3079 ἤπερ
428 2997 552 3077 κνῆμαι
569 2993 623 3058 καὶ
639 2996 746 3075 γοῦνα
763 2985 932 3064 πεσόντος.

81 3101 160 3172 Αίας
175 3089 207 3161 δ’
226 3082 299 3159 αὖτ’
319 3093 483 3177 ἐγέγωνεν
499 3089 646 3176 ἀμύμονι
661 3087 922 3173 Πουλυδάμαντι
981 3100 1032 3154 46⁹

107 3193 281 3279 ,,,Φράζεο,
302 3190 520 3278 Πουλυδάμα,
538 3196 598 3258 καί
611 3215 668 3276 μοι
684 3185 839 3275 νημερτὲς
855 3189 993 3269 ἐνίσπες,

82 3284 102 3378 ἦ
119 3291 149 3380 δ’
166 3291 227 3378 οὐχ
244 3283 346 3371 οὗτος
367 3287 452 3378 ἀνὴρ
469 3289 711 3376 Προθοήνορος
728 3284 801 3354 ἀντὶ
817 3281 988 3368 πεφάσθαι

81 3391 180 3473 άξεοςς
199 3390 241 3463 οδ
254 3396 319 3478 μέν
335 3415 392 3477 μοι
409 3387 510 3469 κακός
528 3392 647 3457 είδεται
665 3382 744 3452 οὐδὲ
761 3387 877 3449 κακοῖν
892 3381 935 3461 ἓξ,

82 3488 158 3562 ἀλλὰ
175 3497 377 3577 κασίγνητος
391 3489 589 3576 Ἀντήνορος
606 3483 817 3565 ἱπποδάμοιο,
