2470 3926
365 290 609 357 ἸΛΙΑΔΟΣ
625 299 698 356 XXI.
957 293 1017 358 421

107 453 171 536 Ὦς
188 453 291 526 εἰπών
315 457 485 546 Τρώεσσιν
502 461 672 546 ἐπέσσυτο,
691 461 824 545 δαίμονι
840 455 919 538 ἶσος.

61 555 119 624 ιιαί
135 551 201 623 τότ’
215 553 407 625 Ἀπόλλωνα
423 561 573 644 προσέφη
591 555 737 645 ποταμός
753 561 940 645 βαθυδίνης

105 647 175 739 ,Ὦ
186 654 300 740 πόποι,
312 653 524 745 άργνρότοξε,
536 655 620 737 Διός
630 659 734 744 τέκος,
748 656 789 726 οῦ
801 656 882 744 σύγε
893 655 1018 744 βουλάς

59 752 201 838 εἰρύσαο
219 760 422 844 Κρονίωνος,
440 753 460 824 ὄ
476 782 526 826 τοι
543 757 631 843 μάλα
647 754 738 824 πόλλ’
757 757 929 825 ἐπέτελλεν
966 770 1018 824 230

62 856 176 938 Τρωσί
193 855 437 944 παρεστάμεναι
453 858 509 926 καὶ
526 853 677 944 άμῦνειν,
696 857 827 926 εἰσόκεν
845 862 929 944 έλθῃ

59 955 188 1032 δείελος
204 951 266 1035 ὀψε
284 953 386 1040 δυ’ων,
405 954 525 1045 σκιάσῃ
543 953 575 1024 δ’
595 960 757 1044 ἐρίβωλον
773 953 957 1042 ὄρονραυ.“

101 1043 148 1119 'H
174 1055 231 1122 καὶ
245 1051 408 1141 Ἀχιλλεὺς
424 1057 486 1144 μέν
504 1055 719 1144 δουρικλειτὸς
737 1061 858 1142 ἔνθορε
875 1055 985 1142 μέσσῳ

58 1159 216 1239 κρημνοῦ
232 1153 383 1236 ἀπαΐξας·
405 1152 423 1224 ὁ
443 1155 475 1224 δ’
494 1158 653 1224 ἐπέσσυτο
672 1159 802 1241 οίδματι
818 1152 928 1240 θύων,
965 1167 1017 1222 234

58 1252 172 1320 πάντα
190 1252 222 1321 δ’
241 1253 333 1341 ὄρινε
351 1257 474 1343 ῥέεθρα
492 1255 696 1342 κυκώμενος,
715 1245 780 1321 ώσε
797 1251 833 1321 δέ
848 1248 991 1337 νεκροῦς

58 1349 218 1438 πολλοῦς,
230 1356 264 1420 οί
278 1355 320 1441 ῥα
337 1351 405 1422 κατ’
418 1351 522 1422 αὐτόν
538 1353 610 1432 ἅλις
628 1357 718 1437 έσαν,
736 1349 795 1432 οῦς
807 1348 898 1419 κτάν’
911 1347 1016 1437 Ἀχιλ-

552 1453 643 1532 λεώς·

58 1547 138 1628 τοῦς
156 1554 296 1637 ἔκβαλλε
313 1551 449 1638 θύραζε,
468 1548 623 1638 μεμυκώς
639 1547 721 1638 ἠῦτε
738 1554 871 1634 ταῦρος,

55 1647 232 1732 χέρσονδε·
255 1647 360 1730 ζωοὺς
377 1648 412 1718 δέ
430 1651 499 1718 σάω
517 1647 599 1718 κατά
618 1645 703 1718 καλά
721 1649 855 1734 ῥέεθρα,

55 1745 221 1829 κρύπτων
237 1749 275 1816 έν
293 1753 403 1836 δίνῃσι
418 1755 596 1838 βαθείῃσιν
612 1747 805 1835 μεγάλῃσιν.

55 1841 174 1912 δεινόν
192 1843 225 1914 δ’
243 1843 321 1932 ἄμφ’
339 1845 470 1934 Ἀχιλῆα
486 1847 684 1934 κυκώμενον
699 1850 810 1915 ίστατο
828 1851 929 1931 κῦμα,
962 1859 1015 1912 240

55 1940 144 2010 ώθει
162 1940 195 2010 δ’
213 1945 251 2012 έν
267 1945 363 2014 σάκει
377 1953 506 2015 πίπτων
521 1947 613 2034 ῥόος·
637 1943 717 2014 οῦδὲ
732 1945 892 2013 πόδεσσιν

55 2041 122 2128 εἶχε
139 2048 368 2130 στηρίξασθαι.
401 2043 419 2114 ὁ
438 2048 474 2114 δέ
491 2049 630 2132 πτελέην
646 2047 699 2113 έλε
713 2044 826 2130 χερσίν
926 2123 932 2135 .

54 2138 187 2226 εὐφυέα
205 2144 368 2231 μεγάλην·
389 2142 411 2232 ἡ
429 2143 459 2212 δ’
479 2149 516 2214 ἐκ
533 2147 632 2231 ῥιζών
648 2145 819 2229 ἐριποῦσα,

53 2237 212 2326 κρημνόν
228 2239 361 2310 ἅπαντα
381 2247 511 2330 διώσεν,
525 2246 638 2328 ἐπέσχε
657 2241 692 2310 δὲ
708 2236 791 2309 καλοὶ
811 2239 934 2326 ῥέεθρα

53 2336 183 2418 ὄζοισιν
200 2355 380 2426 πυκινοῖσι,
397 2343 596 2429 γεφύρωσεν
612 2344 652 2410 δέ
666 2366 724 2429 μιν
742 2335 845 2407 αὐτὸν
961 2352 1013 2406 245

53 2448 134 2506 είσω
152 2434 230 2509 πάρ’
249 2440 413 2528 έριποῦώ·
435 2439 454 2511 ὁ
473 2439 505 2509 δ’
525 2438 576 2529 ἄρ’
594 2444 631 2510 ἐκ
649 2446 741 2526 δίνης
757 2437 944 2524 άνοροῦσας

52 2535 146 2623 ἤιξεν
164 2543 291 2607 πεδίοιο
308 2543 387 2609 ποσὶ
403 2554 594 2629 κραιπνοῖσι
611 2543 779 2624 πέτεσθαι,

53 2639 174 2715 δείσας.
209 2634 329 2706 οὐδέν’
350 2645 446 2726 ἐλῃγε
463 2643 565 2727 μέγας
582 2636 672 2728 θεός,
691 2631 776 2727 ώρτο
795 2637 822 2707 δέ
841 2636 890 2707 ἐπ’
908 2634 1013 2706 αὐτόν

52 2733 349 2823 άκροκελαινιόων,
366 2741 423 2805 ἵνα
439 2766 497 2825 μιν
514 2739 652 2808 παύσειε
668 2737 786 2807 πόνοιο

52 2838 127 2902 δῖον
141 2833 307 2923 Ἀχιλλῆα,
328 2837 477 2924 Τρώεσσι
494 2838 530 2908 δὲ
546 2839 663 2926 λονγδν
679 2835 826 2906 α’λάλκοι.
960 2850 1012 2904 250

50 2937 220 3020 Πηλείδης
238 2931 270 3002 δ’
288 2931 481 3023 ἀπόρουσεν
499 2935 581 3006 ὄσον
596 2936 627 3004 τ’
647 2937 700 3005 ἐπὶ
718 2931 841 3020 δονρδς
857 2933 954 3022 ἐρωὴ,

50 3038 166 3100 αἰετοῦ
186 3030 289 3118 οἴματ’
310 3039 395 3120 έχων
410 3041 561 3122 μέλανος,
579 3043 641 3104 τοῦ
657 3043 857 3122 θηρητῆρος,

50 3127 128 3196 ὅσθ’
145 3126 216 3216 άμα
232 3130 408 3217 κάρτιστός
422 3159 457 3202 τε
475 3135 530 3202 καὶ
548 3131 687 3213 ώοιιστος
704 3139 888 3220 πετεηνῶν·

50 3235 95 3316 τῷ
114 3224 215 3308 εἰκώς
230 3227 331 3316 ἤιξεν,
350 3233 403 3300 ἐπὶ
420 3233 581 3320 στήθεσσι
599 3234 634 3301 δέ
650 3233 770 3319 χαλκός

49 3329 259 3413 σμερδαλέον
275 3329 466 3418 κονάβιζεν·
488 3331 620 3400 ὕπαιθα
641 3333 677 3402 δὲ
693 3345 762 3400 τοῖο
779 3330 928 3409 λιασθείς
959 3343 1011 3400 2⁵⁵

48 3424 159 3514 φεῦγ’,
179 3423 198 3495 ό
217 3426 251 3495 δ’
269 3426 393 3498 ὄπισθε
410 3432 497 3516 ῥέων
515 3431 609 3500 έπετο
628 3431 760 3519 μεγάλῃ
777 3426 967 3530 όρυμαγδρῦ.

49 3522 95 3606 ὥς
113 3524 146 3595 δ’
166 3523 212 3595 ὅτ’
233 3525 319 3618 άνὴρ
338 3525 494 3616 όχετηγδς
510 3527 575 3598 άπὸ
593 3529 720 3618 κρήνης
734 3527 947 3618 μελανύδρου
