2470 3926
204 255 267 318 480
543 256 763 314 ΙΛΙΑΔΟΣ
787 253 829 314 a.

203 415 376 504 γναμπτὸν
387 419 436 486 ἐνί
452 415 621 503 στήθεσσι,
638 418 725 482 λέων
741 411 774 482 δ’
793 410 836 495 ἀς
854 415 952 504 ἀγρια
970 412 1072 502 oleae,

204 513 271 582 ὅστ’
289 515 359 583 ἐπεὶ
376 509 418 598 ἀρ
437 513 564 602 μεγάλη
580 539 615 580 τε
632 517 688 601 βίη
705 512 760 580 καί
776 506 918 600 ἀγήνορι
934 519 1037 602 θυμῷ

203 618 290 694 είξας
308 612 364 681 είά
383 614 436 682 ἐπὶ
452 618 539 698 μῆλα
559 617 700 698 βροτῶν,
719 615 776 679 ἵνα
794 615 888 681 δαῖτα
904 611 1062 701 λάβῃσιν·

204 709 248 791 ὡς
261 709 406 797 Ἀχιλεύς
421 716 514 779 έλεον
529 709 591 796 μὲν
608 707 790 796 ἀπώλεσεν,
809 707 890 778 ούύέ
906 713 940 777 οί
955 708 1058 787 αίδάς

201 817 371 898 [γίγνεται,
389 807 437 898 ἥτ’
455 809 579 895 ἀνείρας
596 812 678 895 μέγα
697 814 822 876 σίνεται
838 806 895 896 ἠδ’
913 805 1086 894 ὀνίνησιν].
1131 822 1162 874 45

201 913 311 997 μέλλει
328 911 389 996 μέν
406 907 472 976 πού
488 935 537 988 τις
553 909 607 976 καί
624 915 781 993 φίλτερον
798 907 901 976 ἀλλον
917 905 1063 992 ὀλέσσαι,

200 1007 239 1096 ἠέ
256 1015 456 1096 κασίγνητον
474 1006 695 1095 ὁμογάστριον
711 1005 750 1093 ἦέ
765 1009 820 1076 καί
836 1006 928 1074 νίύν·

201 1105 271 1175 ἀλλ’
289 1106 364 1194 ἤτοι
381 1107 528 1186 κλαύσας
545 1109 599 1174 καὶ
616 1104 824 1192 ὀδυράμενος
839 1107 1019 1192 μεθέηκεν·

207 1204 324 1292 τλητὸν
339 1204 405 1293 γάρ
422 1213 550 1289 Μοῖραι
568 1201 683 1290 θομόν
698 1209 805 1272 θέσαν
822 1203 1067 1289 ἀνθρώποισιν.

201 1302 308 1392 αὐτὰρ
326 1302 374 1390 ὅγ’
385 1302 525 1391 Ἕκτορα
543 1308 626 1389 βίον,
643 1305 714 1371 ἐπεὶ
732 1310 832 1390 φίλον
848 1296 929 1390 ἦτορ
947 1301 1097 1390 ἀπηύρα,
1131 1317 1164 1372 5⁰

201 1408 311 1471 ἳππων
327 1404 476 1484 ἐξάπτων
492 1406 567 1488 περὶ
585 1401 658 1489 σῆμ’
678 1402 807 1490 ἑτάροιο
826 1410 936 1488 φίλοιο

203 1505 306 1571 ἕλκει·
325 1499 366 1570 οὐ
383 1502 451 1589 μήν
467 1505 501 1569 οί
515 1501 592 1588 τόγε
609 1501 747 1570 κάλλιον
763 1499 844 1570 ούδέ
858 1499 883 1569 τ’
906 1500 1055 1587 ἀμεινον.

200 1600 245 1687 μη
264 1598 383 1690 ἀγαθῷ
400 1625 461 1686 περ
479 1599 568 1668 ἐόντι
585 1603 844 1688 νεμεσσηθιόμέν
860 1604 893 1668 οί
908 1597 1016 1686 ἡμεῖς·

201 1699 320 1787 κωφὴν
337 1697 402 1786 γάρ
421 1697 461 1786 δὴ
477 1713 576 1786 γαίαν
592 1697 722 1780 ἀεικίζει
737 1705 954 1786 μενεαίνων.“

245 1798 315 1867 Τὸν
332 1798 368 1867 ‘53
383 1804 595 1885 χολωσαμένη
614 1803 765 1886 προσέφη
783 1797 1092 1886 λενκιάλενοςἭρη·
1130 1814 1162 1868 55

201 1907 274 1984 ,,είη
291 1922 351 1965 κεν
367 1899 422 1964 καί
437 1904 536 1964 τοῦτο
554 1898 631 1966 τεόν
648 1905 736 1986 ἐντος,
754 1898 966 1986 ἀργυρότοξε,

1223 2165 1224 2208 ι

201 2003 233 2064 εί
247 1994 288 2083 δὴ
307 1991 394 2082 ὁμὴν
407 1994 531 2083 Ἀχιλῆϊ
546 1998 601 2064 καὶ
609 1995 742 2084 Ἕκτορι
760 1997 883 2084 θήσετε
899 1999 1006 2086 τιμήν.

203 2104 318 2180 Εκτοιρ
334 2095 395 2180 μὲν
411 2095 536 2182 θνητός
552 2121 587 2163 τε
602 2097 746 2181 γυναῖκά
756 2125 790 2166 τε
806 2097 937 2184 θήσατο
954 2095 1075 2184 μαζόν·

200 2191 306 2280 αύτάρ
322 2190 487 2278 Ἀχιλλεύς
504 2197 572 2260 ἐστι
587 2201 671 2274 θεάς
686 2195 795 2282 γόνος,
812 2191 855 2281 ἢν
872 2191 1038 2280 έγάαύτὴ

199 2297 310 2380 θρέψοι
320 2319 356 2362 τε
366 2296 421 2362 καί
438 2291 571 2380 ἀτίτηλα
587 2297 642 2361 καὶ
658 2291 755 2380 ἀνδρὶ
771 2294 880 2382 πόρον
898 2293 1108 2381 παράκοιτιν,
1128 2309 1161 2362 6⁰
1223 2299 1224 2368 Ξ

199 2396 312 2480 Πηλέι,
331 2389 367 2472 ὃς
382 2393 457 2476 περὶ
474 2400 551 2479 κη’ρι
568 2398 663 2478 φίλος
679 2391 782 2478 γένετ’
791 2389 1021 2460 ἀθανάτοισιν.

200 2494 321 2571 πάντες
337 2488 368 2558 δ’
389 2487 582 2577 ἀντιάασθε,
601 2493 687 2579 θεοὶ,
705 2493 830 2578 γάμον·
849 2497 886 2560 ἐν
903 2492 939 2561 δὲ
956 2489 1000 2559 σύ
1011 2505 1119 2560 τοῖσιν
1223 2469 1224 2516 ¹

201 2587 307 2660 δαίνυ’
326 2596 410 2676 ἔχων
427 2589 606 2678 φόρμιγγα,
624 2599 739 2660 κακῶν
755 2591 852 2678 ἕταρ’,
870 2590 942 2661 αίέν
957 2589 1112 2660 ἀπιστε.“

244 2689 316 2778 Τὴν
334 2687 365 2757 δ’
378 2687 640 2776 ἀπαμειβόμενος
656 2695 807 2779 προσέφη
819 2691 1062 2777 νεφεληγερέτα
1075 2689 1159 2769 Ζεύς

198 2790 309 2879 ,ζἨρη,
328 2787 372 2876 μὴ
392 2786 431 2876 δὴ
451 2789 589 2876 πάμπαν
606 2790 856 2877 ἀποσκύδμαινε
871 2800 1020 2858 θεοῖσιν·
1123 2804 1158 2858 65

197 2889 239 2959 ού
256 2892 318 2976 μὲν
334 2882 399 2976 γάρ
415 2888 493 2976 τιμή
509 2915 548 2975 γε
564 2887 612 2975 μί’
626 2895 771 2958 ἔσσεται·
788 2887 871 2959 ἀλλά
888 2892 943 2956 καί
952 2885 1080 2974 Ἕκτωρ

196 2994 351 3075 φίλτατος
367 2991 442 3054 ἐσκε
457 2997 566 3055 θεοῖσι
583 2995 715 3075 βροτῶν
732 2995 767 3057 οἳ
779 2991 816 3056 ἐν
829 2986 911 3078 Ἰλίφ
929 2991 1029 3054 είσίν·

89 3163 96 3177 ,
194 3088 241 3168 ὣς
255 3083 320 3174 γάρ
338 3083 449 3172 ἔμοιγ’,
467 3087 536 3156 ἐπεὶ
553 3085 625 3156 ούτι
642 3096 750 3174 φίλων
766 3085 935 3176 ἡμάρτανε
953 3085 1082 3173 δαέρων.

196 3187 237 3256 ού
253 3188 317 3274 γάρ
334 3191 394 3272 μοί
406 3208 486 3252 ποτε
503 3183 615 3272 βωμὸς
631 3187 763 3256 ἐδεύετο
782 3184 893 3266 δαιτὸς
909 3189 1009 3272 ἐίσης,

195 3292 308 3373 λοιβῆς
324 3310 359 3352 τε
375 3292 492 3370 κνίσης
506 3310 556 3351 τε·
574 3284 612 3352 τὰ
624 3285 689 3372 γάρ
706 3286 852 3374 λάχομεν
867 3287 968 3371 γέρας
981 3281 1083 3370 ἡμεῖς.
1121 3299 1156 3353 70

195 3381 262 3450 ἀλλ’
281 3382 354 3470 ἤτοι
370 3385 490 3466 κλέψαι
508 3383 570 3469 μὲν
586 3386 728 3472 ἐάσομεν
743 3427 761 3438 -
780 3385 861 3454 ούίέ
876 3407 921 3470 πη
938 3387 1029 3450 ἔστιν

195 3478 306 3566 λάθρη
320 3479 521 3568 Ἀχιλλῆος·
538 3480 674 3565 θρασύν
685 3481 841 3571 Ἕκτορα·
859 3476 883 3570 ἦ
899 3482 963 3568 γάρ
982 3486 1016 3550 οἱ
1030 3484 1093 3551 αίεί
1207 3573 1212 3588 l
