2492 3920
139 221 171 268 Vl
530 219 737 268 PRAEFATIO.

136 375 284 453 ostendit,
300 383 402 436 tamen
419 377 450 435 in
467 395 503 435 ea
515 395 594 455 quae
609 383 671 434 tum
686 383 751 434 erat
765 374 869 435 horum
883 373 1049 436 studiorum
1062 397 1130 438 con-

136 461 253 520 ditione
274 460 341 520 fieri
361 479 422 519 non
442 467 563 538 poterat
583 461 656 540 quin
681 460 777 518 multa
796 460 849 519 vel
864 459 902 518 ab
917 459 986 520 aliis
1005 470 1131 542 accepta

135 543 276 624 probaret
290 545 342 603 vel
357 545 423 623 ipsc
434 551 616 624 proponeret
631 563 710 622 quae
725 542 832 618 hodie,
854 552 919 604 arte
938 545 1043 604 critica
1062 565 1126 622 per·

135 627 311 688 fectioribus
329 647 420 708 quam
442 629 552 707 quibus
566 627 678 689 Graeci
695 636 815 689 veteres
830 627 994 688 utebantur
1010 625 1130 707 legibus

133 711 294 786 adstricta,
317 711 515 792 improbanda
537 720 616 773 sunt.
650 711 718 790 Quo
744 712 857 772 facturn
875 721 968 772 estut
982 713 1130 775 lectrones

133 796 185 855 vel
210 816 247 855 ex
274 803 403 876 utraque
424 796 475 855 vel
500 815 539 856 ex
567 797 715 856 alterutra
739 795 909 858 Aristarchi
934 795 1068 857 editione
1090 797 1129 858 ab

131 879 304 941 scholiastis
319 888 500 940 memoratas
515 881 591 941 locis
608 879 813 959 repudiandas
837 900 904 942 esse
925 879 1129 958 judicaverim

134 964 256 1024 circiter
276 964 416 1024 ducentis
433 973 463 1024 et
478 965 700 1044 quinquaginta
716 965 749 1024 in
765 963 882 1044 Iliade,
905 966 1128 1046 quinquaginta

130 1047 162 1105 in
178 1047 334 1130 Odyssea,
351 1069 411 1107 non
428 1050 608 1127 computatis
623 1049 777 1126 augmenti
788 1049 839 1108 vel
851 1047 950 1108 additi
962 1049 1013 1109 vel
1026 1051 1127 1110 omissi

131 1133 280 1212 exemplis
297 1132 511 1212 similibusque
534 1133 624 1194 rebus
643 1131 683 1192 ad
706 1132 950 1213 orthographiam
967 1143 996 1194 et
1012 1130 1126 1193 dialec-

130 1223 193 1276 tum
209 1215 433 1296 spectantibus,
453 1218 631 1297 omissisque
644 1235 786 1277 versuum
799 1215 996 1297 plurimorum
1011 1206 1125 1293 ἀθετή-

57 1357 60 1368 ,
129 1306 214 1375 σεσι,’
228 1320 308 1380 quae
329 1321 391 1360 non
406 1299 520 1380 ubique
537 1309 654 1360 constat
668 1308 767 1360 utrum
782 1301 821 1360 ab
837 1301 1015 1360 Aristarcho
1032 1321 1071 1362 an
1086 1302 1119 1363 al

129 1385 198 1445 aliis
215 1386 329 1446 criticis
343 1386 517 1465 propositae
534 1387 604 1446 sint.
639 1383 780 1445 Oeterum
794 1405 856 1445 uon
870 1404 950 1463 nego
967 1387 1046 1444 inter
1061 1387 1121 1446 lec·

128 1470 225 1528 tiones
240 1468 411 1529 Aristarchi
426 1470 464 1528 ab
480 1489 528 1529 me
543 1471 673 1548 rejectas
688 1470 790 1548 plures
807 1489 874 1530 esse
890 1466 1054 1548 dequibus
1070 1471 1122 1530 alii

128 1553 218 1612 aliter
233 1555 345 1612 sentire
360 1555 486 1632 possint.
513 1554 692 1627 Praeterea,
717 1573 757 1613 ne
780 1554 893 1631 injuria
913 1552 967 1613 fiat
987 1552 1120 1613 Aristar·

128 1637 199 1710 cho,
211 1637 384 1696 meminisse
397 1644 514 1716 oportet
525 1637 736 1714 grammaticos
754 1637 862 1716 quihus
873 1636 1044 1696 Aristarchi
1059 1638 1121 1697 lec·

126 1721 241 1779 tionum
266 1721 405 1780 notitiam
431 1719 583 1781 debemus
595 1739 687 1800 saepe
707 1741 813 1800 parurn
835 1730 993 1781 accuratos
1015 1722 1120 1798 fuisse,

126 1812 309 1883 auctumque
323 1805 435 1863 malum
451 1803 489 1863 ab
505 1805 635 1866 librariis
651 1824 730 1880 esse,
748 1806 843 1886 quiin
857 1807 1120 1883 grammaticorum
1171 1861 1173 1865 .

125 1887 331 1948 notationibus
344 1887 439 1948 multa
454 1889 505 1948 vel
518 1898 742 1968 perverterunt,
769 1891 861 1949 etiam
874 1889 1046 1950 nominibus
1062 1891 1119 1949 cri«

125 1973 251 2032 ticorum
267 1980 404 2032 veterum
424 1991 485 2032 non
504 1993 571 2033 raro
597 1976 676 2034 inter
697 1993 731 2034 se
755 1973 947 2054 permutatis,
976 1974 1027 2032 vel
1054 1994 1119 2033 cor-

124 2063 281 2135 ruperunt.
313 2055 426 2134 Qualia
445 2058 522 2116 vitia
540 2059 670 2138 plurima
692 2059 749 2117 etsi
768 2058 807 2116 ab
825 2057 899 2118 viris
919 2055 1016 2117 doctis
1034 2067 1119 2118 recte

125 2149 194 2199 sunt
210 2140 436 2218 animadversa,
458 2161 566 2201 vereor
585 2151 686 2202 tamen
705 2160 746 2201 ne
760 2142 823 2200 alia
838 2141 938 2201 adhuc
952 2141 1071 2201 lateant
1088 2151 1118 2201 ct
1178 2149 1182 2154 ’

124 2223 300 2285 Aristarcho
325 2225 455 2305 aliisque
486 2227 640 2286 veteribus
670 2226 782 2284 criticis
806 2225 920 2306 passim
945 2225 1117 2284 tribuantur

124 2328 203 2386 quac
217 2327 373 2388 nunquam
387 2309 424 2368 iis
439 2309 471 2368 in
487 2319 618 2372 mentem
633 2317 796 2370 venerunt:
819 2307 858 2368 de
872 2329 933 2388 quo
948 2307 1026 2369 alius
1042 2308 1115 2368 mihi

123 2390 206 2452 locus
225 2395 282 2452 erit
294 2393 383 2473 plura
396 2391 529 2454 dicendi.

205 2477 243 2535 In
264 2476 479 2557 orthographia
498 2486 530 2537 et
548 2477 682 2538 dialecto
701 2479 760 2537 etsi
780 2478 854 2557 ipsis
876 2495 999 2556 quoqne
1017 2476 1115 2536 multa

120 2561 234 2620 rectius
251 2579 341 2640 quam
359 2570 450 2620 antea
465 2562 577 2642 scripta
594 2561 733 2637 exhibui,
760 2569 862 2622 tamen
877 2562 904 2621 si
920 2561 1020 2620 omnia
1034 2579 1114 2639 quac

121 2643 193 2704 inde
217 2645 257 2704 ab
278 2645 494 2725 antiquissimis
515 2645 699 2726 temporibus
719 2647 830 2726 partim
850 2645 1112 2724 grammaticorum

119 2729 230 2806 partim
248 2729 439 2789 librariorum
460 2730 512 2790 vel
533 2729 651 2808 judicio
673 2749 818 2810 perverso
838 2730 890 2790 vel
910 2729 1113 2788 inconstantia

120 2812 172 2872 vel
193 2813 385 2892 negligentia
398 2824 528 2894 peccata
548 2823 619 2874 sunt
637 2813 676 2873 ad
696 2815 845 2875 saniorem
858 2814 1009 2873 rationem
1023 2831 1110 2872 revo-

120 2916 190 2957 care
213 2898 430 2978 suscrrpissem,
458 2917 567 2959 ‘vereor
589 2907 624 2959 ut
647 2899 807 2958 multorum
827 2899 958 2976 gratiam
983 2897 1111 2956 initurus

118 2979 244 3042 fuissem
264 2983 297 3041 in
318 3002 354 3042 eo
371 2984 424 3061 qui
439 2981 537 3044 adhuc
552 2991 598 3044 est
612 2983 732 3044 illarum
747 2984 957 3063 quaestionum
971 2987 1051 3040 statu
1065 2981 1111 3040 vi·

117 3085 278 3145 rorumque
295 3065 451 3127 doctorum
466 3066 504 3126 de
518 3067 608 3128 rebus
622 3067 759 3148 plurimis
776 3067 925 3128 dissensu.
954 3065 1035 3126 Nam
1053 3066 1110 3124 etsi

119 3147 157 3209 de
170 3149 302 3210 dialecto
318 3158 349 3210 et
363 3150 577 3231 orthographia
591 3153 756 3212 carminum
770 3151 1000 3212 Homericornm
1016 3149 1110 3209 multa

118 3231 191 3292 inde
206 3233 244 3292 ab
259 3233 451 3311 Aristarcho,
473 3237 525 3314 qui
540 3236 599 3295 hoc
615 3253 737 3317 quoque
754 3237 786 3296 in
802 3255 916 3314 genere
931 3233 1110 3314 plerumque

118 3317 247 3376 rectiore
263 3335 354 3398 quarn
370 3319 424 3378 alii
436 3319 555 3397 judicio
573 3339 644 3380 usus
664 3329 728 3394 est,
750 3339 848 3400 usque
864 3319 904 3379 ad
917 3326 1020 3378 nostra
1034 3325 1096 3377 tom

117 3417 192 3479 pora
211 3400 250 3460 ab
272 3401 481 3464 eruditissnnis
504 3405 706 3482 grammaticis
729 3402 818 3465 docte
840 3402 1109 3480 intelligenterque

117 3482 278 3544 observata
293 3487 381 3560 sunt,¹
403 3487 530 3547 multum
544 3496 648 3549 tamen
663 3488 750 3550 abest
769 3496 804 3548 nt
824 3487 1018 3568 quaestiones
1038 3485 1110 3544 illas
