2438 3918
392 231 542 291 IAIAA
552 230 614 290 ΟΣ
638 234 734 290 XVIII.
983 230 1046 298 375

84 394 119 460 οἱ
135 391 172 462 δὲ
189 389 386 478 λοετροχόον
402 387 532 478 τρίποδ’
551 394 691 460 ἵστασαν
708 395 746 460 ἐν
762 393 844 482 πυρί
861 397 979 486 κηλέρι,

83 495 121 559 ἐν
140 488 171 560 δ’
193 487 242 578 ἀρ’
261 490 354 576 ύδαρ
372 495 478 579 ἐχεαν,
498 487 564 558 ὑπό
584 493 620 560 δὲ
636 490 718 572 ξύλα
735 497 831 562 δαῖον
848 492 994 574 ἑλόντες·

82 590 232 680 γάστρην
249 594 310 678 μὲν
326 595 482 676 τρίποδος
498 599 566 678 πῦρ
583 591 726 680 ἄμφεπε,
744 597 887 680 θέρμετο
900 592 927 662 δ’
939 593 1042 683 ὕδωρ.

82 687 193 775 αύτάρ
212 689 324 778 ἐπειδὴ
344 693 458 772 ζέσσεν
473 689 567 778 ὕδωρ
584 693 633 760 ἐνὶ
648 690 751 779 ήυοπι
767 700 888 784 χαλκῷ,

81 792 138 858 καὶ
154 790 230 860 τότε
248 789 288 878 δή
307 790 436 858 λούσάν
452 815 487 860 τε
503 793 558 860 καὶ
575 790 717 877 ἥλειιγαυ
732 789 797 861 λίπ’
816 795 925 883 ἐλαίῳ,
989 809 1042 864 350

79 893 118 960 ἐν
137 887 170 959 δ’
189 888 325 970 ὠτειλάς
341 899 473 979 πλῆσαν
488 888 666 976 ἀλείφατος
682 891 875 976 ἐννεώροιο·

79 993 119 1058 ἐν
136 994 282 1076 λεχέεσσι
299 991 468 1069 δεθέντες
485 992 571 1080 ἑανῷ
588 993 652 1060 λιτὶ
667 990 825 1072 κάλυψαν

79 1094 113 1170 ές
129 1089 237 1171 πόδας
251 1093 288 1160 ἐκ
306 1099 462 1178 κεφαλῆς,
480 1090 681 1177 καθύπερθε
698 1091 735 1160 δὲ
753 1091 856 1179 φάρει·
872 1100 989 1184 λευκρῖ.

79 1190 261 1277 παννύχιοι
277 1191 339 1278 μὲν
355 1195 465 1259 ἔπειτα
482 1191 588 1276 πόδας
604 1188 709 1277 ταχύν
726 1189 804 1278 ἀμφ’
823 1188 956 1279 Ἀχιλήα

78 1290 300 1379 Μυρμιδόνες
316 1288 513 1376 Πάτροκλον
529 1287 788 1376 ἀνεστενάχοντο
805 1297 964 1376 γοῶντες·
988 1304 1041 1359 365

78 1388 166 1470 Ζεύς
183 1386 334 1476 δ’Ἥρην
350 1391 525 1477 προσέειπε
541 1389 747 1477 κασιγνήτην
763 1387 886 1476 άλοχόυ
902 1415 937 1456 τε

121 1485 301 1578 ,ζΕπρηξας
317 1490 373 1559 καὶ
390 1494 511 1577 ἔπειτα,
529 1496 655 1578 βοῶπις
671 1489 790 1558 πότνια
798 1488 896 1576 Ἥρη,

77 1587 264 1677 ἀνστήσασ’
282 1587 415 1678 Ἀχιλήα
432 1590 537 1670 πόδας
552 1591 671 1676 ταχύν·
689 1581 712 1677 ή
731 1588 774 1676 ῥά
792 1615 836 1658 νυ
853 1601 921 1658 σείο

76 1692 111 1770 ἐξ
127 1685 231 1774 αὐτῆς
248 1690 403 1775 ἐγένοντο
420 1689 694 1778 καρηκομόωντες
710 1686 867 1775 Ἀχαιοί.“

122 1785 193 1857 Τόν
211 1785 242 1854 δ’
262 1784 401 1877 ἠμείβετ’
419 1794 530 1860 ἔπειτα
546 1796 672 1877 βοῶπις
687 1789 807 1860 πότνια
815 1786 900 1876 Ἥρη
986 1802 1039 1858 360

77 1887 254 1977 ,αἰνότατε
270 1892 429 1976 Κρονίδη,
446 1902 544 1958 ποίου
561 1887 622 1960 τὸν
638 1896 753 1976 μόθου
772 1895 885 1969 ἔειπες.

76 1991 134 2058 καὶ
151 1991 213 2075 μὲν
229 1988 272 2076 δή
289 1989 357 2058 πού
373 2017 421 2070 τις
437 1991 548 2077 με’λλει
564 1987 684 2078 βροτός
699 1987 797 2072 ἀνδρὶ
813 1990 972 2074 τελέσσαι,

80 2087 183 2178 ἵσπερ
200 2091 325 2178 θνητός
342 2087 368 2158 τ’
386 2093 453 2159 ἐστὶ
470 2094 526 2160 καί
544 2087 586 2158 ού
604 2088 686 2158 τόσα
702 2087 806 2175 μήδεα
824 2085 929 2156 οἶδεν·

78 2198 148 2269 πῶς
165 2187 206 2277 δή
226 2187 331 2278 ἔγωγ’,
349 2189 372 2277 ἥ
390 2217 474 2276 φημι
489 2190 605 2258 θεάων
622 2195 724 2275 ἔμμεν
741 2185 869 2274 ἀρίστη,

76 2286 282 2377 ἀμφότερον,
302 2296 401 2378 γενεῇ
417 2316 453 2356 τε
470 2291 525 2356 καί
544 2287 669 2357 ούνεκα
685 2283 726 2375 σή
743 2285 936 2372 παράκοιτις
984 2300 1042 2356 365
1152 2349 1153 2354 ,

79 2389 251 2475 κέκλημαι,
270 2387 314 2456 σύ
332 2388 368 2458 δέ
384 2396 466 2456 πᾶσι
483 2385 549 2474 μετ’
568 2385 789 2456 ἀθανάτοισιν
806 2383 972 2473 ἀνάσσεις,
1012 2396 1016 2404 ’

78 2486 143 2556 ούκ
161 2486 288 2574 ὄφελον
308 2486 457 2574 Τριόεσσι
475 2489 699 2575 κοτεσσαμένη
716 2485 802 2556 κακὰ
820 2485 966 2574 ῥάψαις“

120 2583 186 2668 Ὣς
201 2591 236 2655 οί
250 2588 312 2675 μὲν
327 2595 465 2656 τοιαῦτα
480 2587 563 2674 πρὸς
580 2585 744 2674 ἀλλήλους
760 2582 945 2672 ἀγόρευον·

72 2692 259 2776 Ἡφαίστου
276 2684 307 2757 δ’
326 2692 419 2757 ἵκανε
436 2686 541 2775 δόμον
558 2693 653 2768 Θέτις
672 2685 884 2775 ἀργυρόπεζα

76 2787 231 2876 ἀφθιτον
259 2785 467 2875 ἀστερόεντα,
485 2783 683 2875 μεταπρεπέ’
701 2785 931 2872 ἀθανάτοισιν,
985 2801 1041 2859 λῖν

76 2888 232 2975 χάλκεον,
251 2886 292 2956 όν
308 2887 336 2976 ῤ’
354 2886 453 2968 αύτδς
469 2889 629 2976 ποιήσατο
647 2892 887 2958 κυλλοποδίων.

79 2985 191 3056 τόνδ’
212 2977 280 3072 εὗρ’
298 2987 465 3075 ίδρύοντα
481 2987 695 3074 ἑλισσόμενον
711 2987 788 3072 περὶ
806 2986 927 3074 φύσας,
985 3059 990 3078 ,

80 3087 288 3157 σπεύδοντα·
307 3093 467 3176 τρίποδας
482 3089 547 3177 γὰρ
563 3091 684 3158 ἐείκοσι
700 3087 827 3168 πάντας
844 3093 974 3175 ἔτευχεν

78 3187 256 3276 ἑστάμεναι
271 3190 346 3273 περί
363 3202 476 3277 τοῖχον
491 3191 673 3268 ἐϋσταθέος
689 3186 858 3275 μεγάροιο,

80 3287 206 3374 χρύσεα
226 3289 265 3356 δέ
280 3285 333 3374 σφ’
354 3285 420 3358 ὑπὸ
438 3289 546 3358 κύκλα
557 3287 684 3378 ἑκάστην
696 3291 844 3374 πυθμένι
854 3294 973 3376 θῆκεν,
986 3298 1039 3357 ³7⁵

79 3386 172 3472 ὄφρα
189 3389 225 3454 οί
240 3383 420 3476 αύτόματοι
439 3397 536 3457 θείου
554 3384 699 3458 δυσαίατ’
719 3385 834 3474 ἀγῶνα

81 3484 134 3572 ἡδ’
153 3479 248 3566 αύτις
265 3485 347 3573 πρός
366 3491 462 3575 δύμα
478 3495 619 3574 νεοίατο,
635 3493 753 3574 θαῦμα
770 3488 911 3555 ἰδέσθαι.
