2438 3918
430 231 654 292 λΛΙΑΔΟΣ
676 233 737 289 XX.
1000 230 1063 294 405

103 391 305 479 Ἀσσάρακος
322 389 358 460 δέ
373 390 507 476 Κάπυν,
533 387 552 459 ὁ
570 387 604 457 δ’
622 387 673 478 ἀρ’
689 389 841 481 Ἀγχίσην
856 397 930 464 τέκε
946 399 1062 462 παῖδα·

102 488 211 577 αὐτὰρ
226 489 441 579 ἔμ’Ἄγχίσης,
457 495 609 577 Πρίαμος
626 486 658 557 δ’
671 489 749 578 ἔτεχ’
758 489 900 580 Ἕκτορα
916 497 998 562 δίον.
1011 507 1065 563 240

103 591 226 678 ταύτης
241 618 293 664 τοι
309 599 426 678 γενεῆς
441 615 478 657 τε
494 591 551 658 καὶ
568 593 704 676 αἵματος
720 587 858 679 εὔχομαι
874 591 968 660 εἶναι.

102 687 190 770 Ζεύς
209 688 241 758 δ’
259 688 383 780 ἀρετήν
400 686 581 776 ἄνδρεσσιν
597 686 731 775 όφέλλει
747 715 783 757 τε
800 689 939 777 μινύθει
954 715 1000 778 τε,

102 789 221 869 ὅππως
238 815 299 858 κεν
315 789 487 877 ἐθέλησιν·
510 784 610 876 ὁγὰρ
629 787 802 876 κάρτιστος
820 786 988 858 ἀπόντων.

101 887 171 958 ἀλλ’
191 888 252 976 ἀγε
269 891 383 976 μηκέτι
400 895 505 957 ταῦτα
522 887 699 974 λεγώμεθα
714 890 869 976 νηπύτιοι
887 885 940 976 τδς,

100 985 225 1058 ἑσταότ’
246 991 283 1058 ἐν
300 991 406 1078 μέσση
422 984 546 1076 ὑσμίνη
564 991 742 1075 δηιοτῆτος.
1009 1003 1062 1059 24⁵

99 1094 170 1157 ἐστι
187 1086 253 1175 γὰρ
270 1086 509 1176 ἀμφοτέροισιν
527 1084 657 1156 ὀνείδεα
672 1087 893 1176 μυθήσασθαι

100 1186 210 1258 πολλὰ
227 1186 311 1275 μόλ’·
330 1185 405 1256 οὐδ’
425 1183 469 1255 ἀν
485 1196 568 1274 νηῦς
584 1186 780 1272 ἑκατόζυγος
797 1185 902 1272 ἄχθος
919 1184 1042 1275 ἀροιτο.

100 1289 246 1377 στρεπτὴ
266 1287 303 1356 δέ
320 1285 443 1374 γλδσσ
462 1289 530 1356 ἐστὶ
547 1293 689 1374 βροτῶν,
707 1289 822 1364 πολέες
839 1282 871 1353 δ’
888 1290 939 1354 ένι
955 1293 1061 1373 μῦθοι

101 1401 266 1474 παντοῖοι,
290 1391 397 1457 ἐπέων
414 1385 450 1456 δέ
466 1385 571 1466 πολύς
589 1382 694 1472 νομὸς
708 1391 793 1454 ἐνθα
810 1387 866 1480 καί
882 1389 977 1455 ένθα.

100 1487 247 1558 ὁπποῖόν
264 1486 291 1556 κ’
310 1497 457 1578 είπησθα
473 1492 561 1575 έπος,
579 1485 673 1554 τοῖόν
688 1483 715 1554 κ’
735 1485 943 1567 ἐπακούσαις.
1008 1502 1060 1556 250

99 1588 188 1659 ἀλλὰ
204 1596 256 1676 τίη
274 1593 384 1676 ἐριδας
401 1589 456 1658 καὶ
474 1594 584 1657 νείκεα
601 1594 684 1655 ναῖεν
701 1582 829 1673 ἀνάγκη

102 1703 227 1758 νεικεῖν
243 1687 438 1777 ἀλλήλοισιν
455 1692 618 1774 ἐναντίον,
637 1685 721 1754 ὥστε
738 1699 907 1772 γυναῖκας,

99 1793 172 1859 αἵτε
183 1790 414 1876 χολωσάμεναι
432 1792 540 1877 ἔριδος
557 1792 632 1874 πέρι
647 1787 856 1874 θυμοβόροιο

98 1888 250 1960 νεικεύσ’
269 1889 431 1978 ἀλλήλησι
447 1891 552 1976 μέσην
569 1891 603 1968 ές
623 1887 745 1974 ἀγυιαν
763 1891 885 1974 ἐοῦσαι,

97 1987 192 2060 πόλλ’
213 1989 287 2058 έτεά
307 2015 342 2058 τε
360 1991 415 2058 καὶ
432 1987 522 2057 ούκί·
541 1988 637 2074 χόλος
649 1988 687 2055 δέ
697 2011 732 2054 τε
742 1987 797 2054 καλ
807 1983 847 2053 τά
858 1984 995 2054 κελεύει.
1008 1997 1060 2053 25⁵

97 2087 206 2176 ἀλκῆς
224 2086 253 2157 δ’
275 2086 317 2157 ού
336 2085 368 2175 μ’
386 2091 538 2157 ἐπέεσσιν
555 2085 750 2170 ἀποτρέψεις
768 2092 924 2172 μεμαῶτα

97 2191 180 2278 πρὶν
195 2196 308 2280 χαλκῷ
324 2191 532 2276 μαχέσασθαι
549 2191 715 2254 ἐναντίον·
732 2182 801 2254 ἀλλ’
818 2183 888 2270 ἀγε,
910 2189 1042 2252 θᾶσσον

97 2286 280 2376 γευσόμεθ’
298 2286 454 2375 ἀλλήλων
470 2285 669 2374 χαλκήρεσιν
685 2289 881 2374 ἐγχείησιν.“

133 2384 176 2458 Ἠ
192 2393 235 2478 βα
264 2391 321 2457 καὶ
338 2391 376 2457 ἐν
394 2391 494 2476 δεινῷ
511 2387 605 2464 σάκει
621 2384 745 2474 ἤλασεν
761 2382 902 2472 ὄβριμον
919 2387 1022 2468 ἐγχος,

96 2489 307 2579 σμερδαλέῳ·
325 2490 409 2574 μέγα
427 2483 457 2554 δ’
478 2483 563 2572 ἀμφὶ
583 2484 685 2564 σάκος
703 2483 789 2570 μύκε
803 2477 1059 2569 δουρὸςάκωκῇ.
1153 2483 1157 2492 ’

96 2593 264 2678 Πηλείδης
280 2587 315 2655 δέ
332 2585 436 2666 σάκος
451 2585 513 2672 μέν
530 2582 594 2652 ἀπὸ
613 2585 648 2652 ἕο
666 2584 749 2670 χειρί
766 2588 882 2670 παχείη
1007 2593 1057 2648 261

95 2695 211 2778 ἔσχετο
241 2685 424 2774 ταρβήσας·
445 2683 532 2772 φάτο
550 2679 615 2770 γάρ
634 2682 845 2768 δολιχόσκιον
861 2685 953 2766 έγχος

95 2792 157 2876 ρέα
174 2786 410 2857 διελεύσεσθαι
427 2783 651 2872 μεγαλήτορος
667 2788 816 2860 Αἰνείαο,

95 2891 228 2980 νήπιος,
247 2884 324 2956 οὐδ’
344 2885 461 2973 ἐνόησε
477 2882 560 2953 κατὰ
579 2885 686 2970 φρένα
703 2884 757 2950 καὶ
776 2876 858 2948 κατὰ
877 2879 992 2966 θυμόν

96 2987 140 3070 ἀς
158 2986 202 3057 ού
221 2984 318 3076 ῥηΐδι’
339 2987 408 3055 ἐστὶ
425 2993 519 3054 θεῶν
536 2987 688 3069 ἐρικυδέα
706 2985 798 3067 δύρα
1006 2993 1060 3048 265

94 3089 243 3178 ἀνδράσι
256 3115 295 3176 γε
311 3096 468 3174 θνητοῖσι
486 3084 672 3171 δαμήμεναι
688 3077 763 3150 οὐδ’
781 3075 958 3148 ὑποείκειν.

95 3188 179 3260 οὐδὲ
195 3185 263 3258 τότ’
282 3191 420 3256 Αἰνείαο
439 3189 621 3273 δαΐφρονος
637 3181 779 3271 ὄβριμον
797 3184 889 3268 ἔγχος

94 3293 174 3378 ῥῆξε
192 3288 310 3367 σάκος·
328 3281 453 3373 χρυσὸς
467 3283 531 3371 γὰρ
549 3283 699 3368 ἐρύκακε,
717 3284 809 3365 δῶρα
826 3288 935 3346 θεοῖο·

94 3387 181 3459 ἀλλά
199 3386 272 3456 δύο
290 3387 353 3472 μὲν
370 3388 487 3452 ἔλασσε
503 3379 558 3448 διὰ
575 3381 716 3466 πτύχας,
739 3382 775 3446 αλ
790 3375 821 3445 δ’
841 3373 891 3464 ἀρ’
910 3379 958 3443 ἔτι
975 3387 1061 3460 τρεῖς

93 3482 196 3577 ἦσαν,
213 3487 284 3555 έπεὶ
301 3485 399 3552 πέντε
417 3481 543 3568 πτύχας
558 3480 662 3563 ήλασε
680 3479 922 3560 κυλλοποδίων,
1007 3485 1061 3542 λ’λο
