2470 3926
161 228 223 295 478
493 227 707 288 ΙΛΙΑΔΟΣ
737 223 780 286 Μ.

161 386 205 458 άν
221 387 251 457 δ’
270 388 335 474 άρα
353 385 530 474 Μηριόνης
547 388 701 462 πελέκεας
718 386 796 451 δέκα
812 384 937 462 πάντας
953 381 1075 468 άειρεν,

165 495 309 571 Τεῦκρος
325 483 355 554 δ’
374 483 575 572 ἡμιπέλεκκα
591 487 694 569 φέρεν
709 488 821 561 κοίλας
836 481 888 550 ἐπὶ
904 489 995 568 νῆας.

201 582 317 672 Αὐτὰρ
333 589 494 670 Πηλείδης
510 580 593 650 κατὰ
609 581 670 667 μέν
688 581 893 666 δολιχόσκιον
909 586 1013 666 ἔγχος,

161 683 225 753 κὰδ
242 685 277 754 δὲ
294 681 399 780 λέβητ’
419 681 561 768 άπυρον,
578 677 658 766 βοός
674 677 778 764 άξιον,
796 678 1004 765 ἀνθεμόεντα
1057 690 1111 747 885

92 795 94 800 ’
160 780 235 868 θῆκ’
252 785 285 861 ές
300 780 414 867 άγοίυα
431 783 558 865 φέρων·
575 784 634 846 καί
644 776 672 862 β’
687 777 807 865 ἥμονες
823 777 942 862 ἄνδρες
952 775 1110 846 ἀνέσταν·

161 875 203 948 άν
219 880 281 966 μέν
297 877 348 962 ἄρ’
360 876 525 964 Ἀτρείδης
541 874 744 963 εὐρυκρείων
758 874 979 962 Ἀγαμέμνων,

160 974 203 1046 άν
220 976 250 1046 δ’
269 977 334 1061 ἄρα
351 977 537 1064 Μηριόνης,
556 974 717 1060 θεράπων
734 973 790 1054 έῢς
804 971 995 1060 Ἰδομενῆος.
1074 1041 1079 1052 ,

159 1089 243 1143 τοῖσι
260 1074 295 1142 δέ
310 1076 366 1142 καὶ
381 1074 528 1160 μετέειπε
544 1072 711 1159 ποδάρκης
727 1077 795 1152 δῖος
807 1070 970 1159 Ἀχιλλεάς

201 1173 380 1260 ,Ἀτρείδη
398 1176 494 1258 δδμεν
510 1167 575 1256 γάρ
593 1169 674 1238 ὅσον
691 1173 899 1258 προβέβηκας
915 1167 1074 1239 ἁπάντων

160 1269 213 1358 ἡδ’
232 1270 336 1340 ὅσσον
353 1268 491 1356 δυνάμει
507 1294 542 1336 τε
558 1270 613 1335 καὶ
629 1267 754 1354 ἥμασιν
772 1273 872 1337 έπλευ
889 1268 1036 1352 όριστος·
1058 1285 1110 1340 891

160 1367 243 1438 ἀλλὰ
261 1368 304 1438 σὺ
322 1370 383 1456 μέν
398 1364 470 1436 τόδ’
489 1365 614 1434 ἄεθλον
632 1373 715 1453 έχων
731 1373 843 1446 κοίλας
860 1369 912 1436 ἐπὶ
929 1376 1011 1455 νῆας

160 1474 266 1554 ἔρχευ,
283 1465 365 1553 άτόιρ
383 1465 466 1550 δόρυ
482 1465 640 1553 Μηριόνη
656 1463 742 1552 ἥρωϊ
756 1465 920 1553 πόρωμεν,

160 1571 190 1634 εἰ
204 1566 286 1651 σάγε
302 1573 351 1656 σῷ
366 1571 465 1653 θυμῷ
483 1565 624 1641 έθέλοις·
643 1568 779 1649 κέλομαι
796 1563 860 1649 γάρ
878 1569 1013 1650 έγωγε.“

192 1661 253 1744 Ὦς
270 1661 371 1750 ἔφατ’,
383 1659 456 1730 οὐδ’
468 1659 633 1746 άπίθησεν
644 1659 725 1741 άυαξ
739 1658 874 1744 άνδριόν
887 1659 1112 1750 Ἀγαμέμνων.

159 1767 245 1831 δάκε
261 1760 297 1829 δέ
313 1759 471 1848 Μηριόνη
488 1757 571 1845 δόρυ
588 1759 743 1844 χάλκεον·
762 1757 866 1844 αὐτὰρ
882 1759 930 1847 ὅγ’
947 1760 1037 1850 ἥρως
1056 1777 1112 1833 896

161 1865 340 1946 Ταλθυβίῳ
357 1858 477 1946 κη’ρυκι
494 1860 589 1924 δίδου
605 1862 795 1942 περικαλλὲς
811 1856 945 1927 άεθλον.

469 2125 796 2138 m

242 2463 256 2470 ἡ
347 2337 798 2434 ιΛῙΑΛοΣ
860 2345 913 2433 Ω.

421 2597 670 2698 Ἕκτορος
710 2599 883 2697 λύτρα.

32 2810 34 2813 .
156 2733 264 2819 Αὕτο
280 2743 314 2813 δ’
331 2742 433 2834 άγοὶν,
449 2751 523 2815 λαοὶ
541 2747 576 2816 δὲ
593 2746 680 2827 θοόις
696 2751 749 2816 έπλ
765 2755 846 2834 νῆας
859 2749 991 2814 ἕκαστοι

156 2841 337 2912 ἐσκίδναντ’
354 2846 448 2912 ἰέναι.
469 2846 518 2914 τοὶ
535 2845 596 2932 μὲν
614 2846 751 2932 δόρποιο
768 2849 905 2933 μέδοντο

156 2941 266 3010 ὕπνου
280 2967 316 3009 τε
332 2950 497 3029 γλυκεροῦ
514 2945 728 3032 ταρπήμεναι.
746 2941 852 3028 αότάρ
864 2939 1031 3029 Ἀχιλλεύς

156 3047 246 3109 κλαῖε
266 3045 366 3126 φίλου
382 3041 500 3127 ἑτάρου
516 3047 732 3130 μεμνημένος,
751 3041 831 3111 οόδέ
844 3071 901 3130 μιν
917 3040 1023 3120 ὕπνος

156 3137 227 3227 ᾔρει
243 3139 477 3228 πανδαμάτωρ,
495 3139 564 3209 ἀλλ’
583 3137 742 3229 ἐστρέφετ’
763 3147 847 3210 ἔνθα
864 3142 919 3209 καὶ
935 3146 1031 3224 ἔνθα,
1087 3155 1105 3209 5

154 3237 351 3318 Πατρόκλου
368 3240 502 3306 ποθέων
517 3236 682 3325 άδροτῆτά
699 3266 733 3307 τε
750 3242 805 3308 καὶ
821 3243 919 3326 μένος
933 3235 980 3318 βό

154 3331 207 3416 ἠδ’
227 3330 334 3402 ὁπόσα
350 3336 532 3406 τολύπευσε
551 3335 615 3404 σόν
631 3335 721 3426 αὐτῷ
738 3339 792 3405 καὶ
809 3338 919 3405 πάθεν
933 3333 1031 3424 άλγη,

155 3425 289 3510 ἀνδρῶν
305 3456 340 3498 τε
357 3435 538 3516 πτολέμους
555 3431 707 3518 ἀλεγεινά
724 3460 759 3502 τε
774 3434 904 3524 κύματα
922 3441 1060 3518 πείρων·
