2438 3918
204 238 265 302 εει
551 241 767 300 ιΑιΑιιοε
792 241 821 299 ε.
850 317 853 324 Ι

203 399 295 488 ἡμεῖς
314 398 347 470 δ’
368 398 466 469 αύτοί
482 424 543 484 περ
564 398 766 486 φραζώμεθα
785 408 884 487 μῆτιν
903 398 1052 488 ἀρίστην,

203 498 286 588 ἠμέν
305 497 395 580 ὅπως
414 498 474 568 τόν
494 497 615 583 νεκρὸν
633 499 829 587 ἐρύσσομεν,
850 497 909 588 ἠδὲ
928 504 982 569 καὶ
1001 495 1093 567 αύτολ

206 600 333 686 Τρώων
352 605 383 682 ἐξ
403 603 525 686 ἐνοπῆς
544 599 697 667 θάνατον
715 602 771 668 καὶ
800 608 886 688 κηρα
906 600 1098 686 φύγωμεν.“

200 707 205 716 ’
247 697 316 769 Τόν
331 697 366 769 δ’
387 695 525 788 ἠμείβετ’
546 702 656 766 ἔπειτα
675 701 776 785 μέγας
791 698 1002 786 Τελαμώνιος
1012 704 1144 776 Atacem

201 801 334 890 ,,πάντα
353 796 419 868 κατ’
442 797 539 866 αἶσαν
559 803 672 883 έειιτες,
694 796 850 884 ἀγακλεὲς
871 789 897 866 ώ
918 801 1085 866 Μενέλαε·

201 898 283 969 ἀλλά
304 897 347 968 σύ
366 902 427 987 μὲν
446 900 501 966 καλ
519 897 696 984 Μηριόνης
715 895 884 966 ὑποδύντε
902 894 976 984 μόλ’
998 888 1069 964 ώκα

201 998 325 1088 νεκρόν
344 998 512 1085 ἀείραντες
531 995 638 1084 φέρετ’
659 1001 695 1066 ἐκ
714 997 838 1065 πόνου·
859 993 965 1080 αύτάρ
985 995 1123 1065 ὄπισθεν

203 1107 264 1168 νώῑ
280 1098 498 1187 μαχησόμεθα
521 1103 652 1182 Τρωσίν
672 1123 705 1164 τε
725 1093 924 1183 καῖἜκτορι
943 1101 1014 1185 δίφ,

200 1198 275 1268 ἵσον
293 1195 408 1286 θυμόν
427 1204 564 1284 ἔχοντες,
585 1192 768 1284 ὁμώνυμοι,
789 1201 823 1264 οἳ
839 1193 876 1263 τό
897 1195 1003 1282 πόρος
1023 1217 1083 1281 περ
1103 1206 1145 1262 λλῦ

200 1304 363 1387 μίμνομεν
382 1295 463 1378 ὀξύν
476 1295 578 1383 Ἀρηα
597 1292 672 1379 παρ’
693 1293 864 1381 ἀλλήλοισι
883 1296 1073 1380 μένοντες.“

243 1393 304 1478 Ὦς
330 1394 452 1483 ἔφαθ’,
481 1399 515 1464 οἵ
538 1394 571 1463 δ’
596 1395 662 1480 ἀρα
682 1393 803 1482 νεκρόν
822 1392 887 1463 ἀπὸ
908 1391 1034 1480 χθονὸς
1052 1389 1135 1480 ἀγκύι

692 1501 785 1577 ζοντο
976 1557 979 1562 .
1077 1565 1080 1576 ,

199 1594 260 1676 ὕψι
279 1593 367 1682 μύλα
385 1595 549 1683 μεγάλως·
571 1596 624 1664 ἐπὶ
644 1592 676 1662 δ’
696 1603 766 1680 ίαχε
785 1593 865 1676 λαός
884 1594 1029 1665 ὄπισθεν

203 1693 362 1782 Τρωϊκός,
384 1690 426 1773 ώς
445 1698 573 1764 είδοντο
593 1697 696 1764 νέκυν
714 1705 870 1779 αἴροντας
887 1692 1046 1781 Ἀχαιούς.

167 1853 170 1857 .
198 1804 325 1863 ίθνσιιν
344 1795 379 1862 δδ
398 1794 558 1863 κύνεσσιν
576 1793 729 1881 ἐοικότες,
750 1793 806 1864 οἵτ’
829 1797 881 1864 ἐπὶ
900 1795 1018 1886 κάπρη)
1104 1807 1145 1861 ῖλὸ

199 1897 351 1984 βλημένῳ
371 1891 484 1974 ἀΐξωσι
503 1892 566 1982 πρό
587 1895 724 1982 κούρων
743 1894 959 1982 θηρητήρων·

201 1996 260 2073 ἕως
279 1993 340 2080 μὲν
358 1993 423 2080 γάρ
443 2020 477 2061 τε
490 1995 616 2063 γθέουσι
635 1997 824 2082 διαρραῖσαι
842 2001 1022 2082 μεμαῶτες,

201 2090 265 2170 ἀλλ’
286 2091 341 2161 ὅτε
361 2093 402 2180 δή
421 2089 449 2179 ρ’
471 2095 509 2161 ἐν
527 2106 632 2162 τοισιν
653 2095 787 2175 ἑλίξεται
807 2091 882 2162 ἀλκλ
901 2092 1082 2178 πεποιθώς,

199 2192 246 2274 ἀιγ
265 2191 290 2261 τ’
311 2191 526 2281 ἀνεχώρησαν
545 2193 599 2262 διά
616 2190 642 2262 τ’
662 2198 799 2279 ἔτρεσαν
818 2193 955 2274 ἄλλυδις
974 2193 1082 2272 ἀλλος.

201 2288 243 2372 εἵς
266 2299 375 2380 Τρῶες
395 2297 468 2372 εἵως
486 2293 548 2379 μὲν
567 2288 733 2378 ὁμιλαδόν,
747 2297 818 2362 αίέν
837 2294 969 2380 ἕποντο,
1100 2305 1145 2362 ίλὺ

198 2392 377 2472 νύσσοντες
396 2397 525 2479 ξίφεσίν
544 2417 578 2460 τε
597 2393 653 2462 καί
672 2398 800 2479 ἔγχεσιν
818 2389 1051 2480 ἀμφιγύοισιν·

195 2487 264 2559 ἀλλ’
284 2489 339 2560 ὅτε
359 2489 400 2579 δή
419 2488 447 2578 ρ’
467 2500 588 2560 Αίιιντε
607 2493 894 2580 μεταστρεφθέντε
913 2491 981 2562 κατ’
1004 2489 1122 2571 αύτούς

196 2596 364 2678 σταίησαν,
384 2599 453 2660 τών
473 2593 508 2659 δὲ
527 2593 668 2678 τράπετο
687 2592 784 2680 χρώς,
805 2590 887 2661 ούδέ
903 2620 952 2672 τις
971 2598 1046 2681 ἔτλη

194 2691 330 2777 πρόσσω
350 2689 440 2772 ἀίξας
459 2693 533 2778 περὶ
554 2699 674 2778 νεκροῦ
694 2691 906 2780 δηριάασθαι.

238 2785 298 2870 Ὦς
318 2787 375 2876 οἵγ’
397 2794 588 2878 ἐμμεμαῶτε
607 2795 709 2860 νέκυν
728 2793 834 2878 φέρον
853 2794 888 2859 ἐκ
908 2794 1065 2878 πολέμοιο
1098 2805 1145 2860 735

194 2895 276 2976 νῆας
294 2893 347 2958 ἔπι
365 2891 554 2976 γλαφυρός·
575 2893 627 2960 ἐπὶ
647 2891 682 2960 δὲ
701 2890 863 2979 πτόλεμος
882 2890 997 2960 τέτατό
1017 2911 1096 2977 σφιν

194 2986 308 3076 ἀγριος
327 2987 407 3076 ἠύτε
426 2997 505 3078 κύρ,
526 2990 564 3060 τό
584 2987 608 3056 τ’
629 2991 856 3077 ἐπεσσύμενον
874 2990 975 3058 πόλιν
995 2988 1125 3077 ἀνδρῶν

194 3085 339 3174 ὄρμενον
357 3090 512 3174 ἐξαίφνης
531 3093 699 3175 φλεγέθει,
719 3090 904 3176 μινύθουσι
924 3090 960 3158 δέ
982 3088 1067 3158 οἵκοι

192 3189 228 3252 ἐν
247 3188 341 3254 σέλαι
357 3187 504 3274 μεγάλῳ·
525 3185 561 3255 τό
584 3184 615 3254 δ’
636 3190 804 3274 ἐπιβρέμει
822 3193 853 3267 ἵς
872 3185 1019 3274 ἀνέμοιο.

195 3278 238 3361 ώς
256 3283 318 3368 μὲν
336 3297 403 3361 τοῖς
421 3287 533 3350 ἵππων
552 3311 586 3352 τε
606 3290 661 3353 καὶ
677 3285 814 3370 ἀνδρών
833 3287 1025 3374 αίχμητάων
1096 3299 1141 3356 W]

127 3422 130 3429 -
193 3376 310 3464 ἀζηχὴς
329 3376 516 3466 ὀρυμαγδός
535 3383 650 3469 ἐπήϊεν
668 3387 910 3472 ἐρχομένοισιν·

193 3476 226 3540 οἵ
244 3473 289 3560 δ’,
311 3474 392 3544 εἵαθ’
411 3475 544 3564 ἡμίονοι
563 3481 727 3567 κρατερόν
745 3487 845 3572 μένος
864 3485 1105 3576 ἀμφιβαλόντες
