2406 3920
252 211 262 218 ’
390 257 608 316 maoz
630 259 701 317 xm.
960 254 1021 319 οοε

72 427 160 503 χελρα
177 416 451 504 παρακρεμάσας·
473 413 511 484 τδ
530 413 562 484 δῖ
578 419 735 503 ἐφέλκετο
753 424 903 507 μείλινον
920 423 1020 507 ἔγχος.

71 516 125 586 καὶ
139 512 177 584 τὸ
195 516 259 603 μὲν
273 520 311 588 ἐκ
326 513 435 604 χειρὸς
450 521 571 602 ἐρυσεν
588 515 783 605 μεγάθυμος
801 516 959 605 Ἀγήνωρ,

72 611 177 702 αότήυ
192 615 229 684 δέ
246 620 425 704 ξυνέδησεν
447 613 619 704 ίῦστρόφῳ
636 613 706 696 οίδς
721 615 828 707 άάτῳ,
1088 631 1092 636 ’

72 713 250 802 σφενδόνῃ,
267 711 311 801 ἣν
328 712 394 800 άρα
411 718 446 784 oc
458 714 621 800 θεράπων
637 719 689 801 ἔχε
705 720 837 803 ποιμένι
853 723 954 785 λαιόν.
969 731 1022 790 6⁰⁰

110 817 317 899 Πείσανδρος
335 811 367 880 δ’
387 812 466 894 mg
480 814 661 884 Μενελάου
677 819 870 903 κυδαλίμοιο

72 909 134 998 ἤιε·
152 908 214 979 τὸν
231 909 260 980 δ’
279 911 341 999 άγε
374 926 473 1000 μοῖρα
489 911 574 1001 κακή
593 912 756 984 θανάτοιο
772 917 917 1003 τίλοσδε,

71 1011 131 1098 σοὶ,
149 1019 314 1100 Μενέλαε,
334 1017 478 1100 δαμῆναι
492 1016 531 1083 ἐν
548 1019 626 1103 αἰνή
642 1019 796 1103 δηιοτῆτι.

71 1114 103 1177 οἱ
118 1107 150 1178 δ’
168 1107 223 1179 ὅτε
241 1109 283 1198 δή
301 1111 420 1198 σχεδὸν
435 1106 523 1199 ἦσαν
539 1110 587 1182 έτί
605 1110 796 1201 ἀλλήλοισιν
814 1113 930 1202 ἰόντες,

68 1206 230 1296 Ἀτρείδης
245 1215 308 1297 μὲν
319 1210 457 1300 ἅμαρτε,
475 1213 578 1299 παραλ
593 1213 634 1280 δέ
648 1216 682 1280 οί
696 1209 840 1300 ἐτράπετ’
853 1218 956 1301 ἐγχος,
968 1229 1019 1284 σοι

71 1313 274 1394 Πείσανδρος
288 1308 326 1378 δὲ
343 1310 444 1390 σάκος
460 1310 641 1379 Μενελάου
656 1316 849 1399 κυδαλίμοιο

71 1406 220 1494 οὔτασεν,
238 1405 319 1478 οὐδὲ
336 1409 456 1497 διαπρό
474 1409 641 1497 δυνήσατο
658 1411 782 1496 χαλκόν
798 1409 949 1479 ἐλάσσαι·

71 1513 184 1594 ἔσχεθε
199 1506 266 1594 γάρ
283 1509 386 1590 σάκος
402 1507 496 1596 εὐρέι,
514 1509 725 1597 κατεκλάσθη
742 1507 772 1577 δ’
792 1511 842 1579 ἐνὶ
858 1516 971 1599 καυλῷ

72 1612 174 1694 ἐγχος·
192 1605 209 1676 ὁ
228 1608 265 1676 δὲ
279 1610 401 1694 φρεσίν
415 1601 473 1698 ήσι
487 1611 570 1698 χάρη
588 1612 644 1679 καὶ
659 1611 791 1679 ἐέλπετο
808 1615 915 1696 νίκην.

74 1711 228 1795 Ατρείδης
245 1707 282 1776 δὲ
298 1710 524 1796 ἐρυσσάμενος
540 1714 634 1795 ξίφος
649 1706 862 1795 ἀργυρόηλον
968 1723 1021 1778 61⁰

72 1799 133 1874 ἆλτ’
151 1809 205 1875 ἐπὶ
223 1808 438 1898 Πεισάνδρῳ·
455 1805 475 1876 δ
490 1805 524 1875 δ’
544 1805 599 1874 ὑπ’
616 1808 753 1885 άσπίδος
769 1809 870 1874 είλετο
889 1806 994 1894 καλήν

71 1902 183 1993 άξίνην
199 1903 374 1994 εὔχαλκον,
392 1911 511 1997 ἐλαΐνῳ
527 1904 612 1995 ἀμφὶ
628 1909 786 1997 πελέκκῳ,

72 2012 181 2095 μακρῷ
211 2008 368 2094 ἐϋξέστῳ·
387 2005 456 2093 ἅμα
474 2006 504 2075 δ’
524 2006 677 2095 άλλήλαν
692 2012 856 2094 ἐφίκοντο.

72 2101 172 2189 ήτοιὸ
190 2104 254 2190 μὲν
269 2105 421 2194 κόρυθος
437 2108 548 2194 φάλον
564 2107 691 2195 ήλασεν
706 2111 919 2195 ἱπποδασείης

72 2201 171 2288 ἄκρον
187 2199 255 2274 ὑπὸ
273 2203 386 2292 λόφον
400 2204 515 2293 αὐτὸν,
527 2202 546 2274 ὁ
558 2207 595 2276 δέ
609 2205 791 2291 προσιόντα
806 2210 957 2293 μέτωπον
967 2219 1016 2277 615

72 2301 159 2387 όινός
175 2301 264 2392 ὕπερ
282 2306 450 2394 πυμάτης·
468 2305 549 2375 λάκε
566 2303 598 2374 δ’
616 2303 723 2392 ὀστέα,
740 2302 786 2373 τιδ
804 2307 844 2373 δέ
858 2309 892 2373 οί
908 2303 988 2373 ὄσσε

73 2399 135 2488 τὰρ
151 2405 253 2489 ποσὶν
270 2404 466 2491 αἱματόεντα
482 2406 581 2492 χαμαὶ
597 2409 701 2473 πέσον
715 2407 753 2473 ἐν
769 2409 932 2492 κονίησιν,

73 2504 196 2592 ίδνάθη
215 2505 251 2572 δέ
269 2503 392 2572 πεσοόν.
426 2501 499 2574 ὁδὶ
515 2501 574 2584 λάξ
591 2506 629 2571 ἐν
646 2502 784 2590 στήθεσι
800 2506 927 2598 βαίνων

71 2602 182 2689 τεόχεά
198 2599 224 2670 τ’
243 2604 406 2688 ἐξενάριξε
423 2605 480 2673 καὶ
496 2601 674 2690 εὐχόμενος
691 2607 768 2681 ἐπος
783 2599 885 2689 ηὔδα·

109 2705 270 2788 ,Λείψετέ
287 2712 357 2790 θην
371 2701 461 2770 οὕτω
476 2728 515 2789 γε
537 2704 615 2781 νέας
635 2707 782 2770 Δαναολν
804 2698 1017 2788 ταχυπιόλεον,

76 2806 180 2887 Τράες
198 2797 412 2887 ὑπερφίαλοι,
426 2804 537 2886 δεινῆς
554 2799 711 2886 ἀκόρητοι
727 2797 839 2886 άϋτής.
965 2813 1015 2868 621

72 2893 166 2984 α”λλης
182 2902 246 2984 μὲν
261 2897 372 2985 λώβης
386 2924 422 2966 τε
438 2901 496 2966 καλ
513 2907 643 2984 αίσχεος
661 2895 724 2966 οάιι
738 2900 908 2984 ἐπιδευεῖς,

72 2991 110 3082 ήν
125 2997 179 3085 ἐμέ
194 2997 409 3086 λωβήσασθε,
426 2999 525 3066 κακαί
540 2998 652 3084 κάνες,
670 2994 751 3064 οὐδέ
765 3022 796 3063 τι
810 3003 912 3085 θυμῷ

74 3095 174 3182 Ζηνός
190 3099 408 3185 ἐριβρεμέτεω
424 3095 572 3184 χαλεπήν
587 3099 753 3165 ἐδδείσατε
767 3102 869 3182 μῆνιν

74 3201 197 3285 ξεινίου,
217 3197 295 3267 ὅστε
312 3196 384 3266 ποτ’
402 3196 487 3284 άμμι
504 3199 702 3283 διαφθέρσει
718 3194 819 3264 πόλιν
834 3192 945 3278 αίπήν.
967 3206 1017 3262 62⁵

72 3297 103 3362 ολ
115 3322 175 3381 μευ
192 3302 370 3384 κουριδίην
387 3295 510 3382 άλοχον
520 3297 581 3379 ικαὶ
596 3296 745 3382 κτήματα
760 3289 866 3362 πολλὰ

74 3391 136 3477 μάψ
152 3393 276 3482 οἴχεσθ’
297 3394 490 3482 άνάγοντες,
508 3396 578 3464 ἐπεὶ
594 3399 750 3480 φιλέεσθε
767 3387 840 3473 παρ’
860 3386 960 3476 αὐτῇ·

76 3499 131 3562 νῦν
146 3489 214 3564 αὖτ’
235 3500 274 3565 ἐν
291 3499 413 3582 νηυσίν
429 3501 616 3582 μενεαίνετε
631 3488 888 3570 ποντοπόροισιν
