2442 3922
412 293 624 352 ΙΛΙΑΔΟΣ
651 297 684 350 V.
948 336 952 347 .
980 289 1021 354 81

75 459 141 523 θαῑέ
155 460 189 524 οί
202 459 240 524 έκ
256 452 406 541 κόρυθός
423 454 530 520 τεκαὶ
549 450 686 532 ἀσπίδος
702 451 875 541 ἀκάματον
891 459 971 540 πάρ,

75 553 173 637 ἀστέρ’
191 552 346 646 ὀπωρινῷ
365 557 561 638 ἐναλίγκιον,
580 550 657 621 ὅστε
673 553 814 640 μάλιστα
1002 567 1020 621 ο

75 655 221 741 λαμπρὸν
238 659 448 742 παμφαίνῃσι
463 653 662 738 λελουμένος
674 650 861 722 Ὠκεανοῖο·

75 753 158 821 τοῖόν
173 757 209 821 οί
223 762 292 836 πῦρ
311 757 403 820 ὀαλευ
420 749 485 820 ἀπὸ
504 750 625 835 κρατός
642 777 676 818 τε
693 753 750 820 καὶ
770 750 881 838 ὀάρων,

75 845 152 931 ἀρσε
170 857 283 938 θέμιν
303 848 384 918 κατὰ
403 855 536 938 μέσσον,
556 848 616 916 ὅθι
630 858 776 918 πλεῖστοι
795 851 983 918 κλονέοντο.

106 943 165 1018 Ἠν
184 954 223 1016 δέ
237 977 287 1029 τις
303 952 341 1018 έν
360 949 510 1032 Τροάεσσι
527 949 643 1034 Δάρης
672 945 810 1034 ἀφνειός
837 946 989 1036 ἀμύμων,

74 1047 155 1134 ἱρεύς
167 1048 376 1136 Ἡφαίστοιο·
397 1049 466 1117 θύοι
485 1053 524 1118 δέ
538 1052 572 1116 οί
587 1052 673 1128 υίέες
689 1047 803 1136 ἤστην,
985 1065 1019 1118 1⁰

74 1151 198 1236 Φηγεύς
209 1147 326 1228 Ἰδαῖός
342 1175 387 1236 τε,
408 1151 513 1236 μάχης
530 1141 570 1216 εὖ
587 1148 693 1218 είάότε
708 1148 823 1236 κνίσης.

73 1249 112 1316 τά
128 1252 161 1316 οί
190 1245 431 1333 ἀποκρινθέντε
449 1251 586 1316 ἐναντίω
606 1245 817 1336 ὁρμηθήτην·

72 1349 111 1416 τά
127 1347 189 1433 μὲν
205 1345 262 1434 ἀφ’
278 1351 416 1435 ἵπποιιν,
434 1345 452 1416 ὁ
472 1347 504 1415 θ’
522 1345 587 1416 ἀπὸ
605 1345 729 1434 χθονὸς
745 1346 874 1432 ὤρνυτο
892 1345 996 1428 πεζός.

73 1451 101 1514 οἱ
114 1445 142 1513 δ’
163 1446 220 1516 ὅτε
238 1444 278 1533 δὴ
299 1444 418 1533 σχεόὀν
435 1438 522 1533 ἦσαν
542 1446 595 1516 ἐπ’
614 1445 808 1534 ἀλλήλοισιν
826 1447 940 1534 ίόντες,

71 1547 197 1633 Φηγεύς
214 1549 257 1635 ῥα
276 1547 434 1632 πρότερος
450 1553 559 1634 προίει
576 1547 786 1632 ἀολιχόσκιου
803 1550 912 1631 ἔγχος·
984 1561 1018 1615 15

74 1653 231 1715 Τυθείδεω
251 1645 280 1713 θ’
300 1643 384 1734 ὑπὲρ
403 1641 495 1733 ύμον
514 1643 690 1732 ἀριστερὸν
705 1641 802 1731 ἤλυθ’
821 1641 933 1732 ἀκωκὴ

71 1753 185 1833 ἔγχεος,
203 1743 275 1813 οὐδ’
295 1743 380 1832 ἔβαλ’
399 1743 519 1814 αύτόυ·
539 1743 604 1813 ὅθ’
616 1744 755 1828 ὕστερος
766 1741 894 1831 ὤρνυτο
907 1751 1017 1834 χαλκῷ

73 1850 242 1931 Τυδείδης·
259 1851 320 1912 τοῦ
339 1842 370 1911 θ’
389 1843 451 1931 οὐχ
469 1845 566 1914 άλιον
583 1847 678 1930 βέλος
694 1850 820 1930 ἔκφυγε
836 1842 945 1932 χειρός

71 1943 131 2012 ἀλλ’
148 1949 248 2029 ἔβαλε
265 1950 389 2030 στῆθος
405 1945 613 2032 μεταμάζιον,
633 1937 699 2012 ύσε
715 1942 746 2010 θ’
767 1943 822 2028 ἀφ’
840 1948 960 2012 ἵππων.

69 2041 174 2122 Ἰθαῖος
192 2041 223 2110 θ’
242 2041 410 2126 ἀπόρουσε
427 2042 535 2113 λιπάν
552 2047 895 2132 περικαλλέααλίφρου,
983 2061 1018 2112 λυ

70 2143 133 2212 οόιί
151 2151 227 2231 έτλη
245 2152 420 2231 περιβῆναι
437 2142 617 2231 ἀδελφειοῦ
634 2149 822 2230 κταμένοιο·

70 2240 142 2312 οὐδὲ
159 2242 225 2330 γάρ
244 2241 325 2312 οὐδέ
339 2270 398 2312 κεν
415 2241 515 2323 αὐτὸς
531 2240 704 2328 ὑπέκφυγε
732 2247 819 2328 κῆρα
836 2243 1005 2330 μέλαιναν,

71 2340 130 2410 ἀλλ’
142 2342 326 2430 Ἥφαιστος
342 2349 449 2431 έρυτο,
469 2343 579 2412 σάωσε
598 2341 633 2410 δέ
650 2343 746 2410 νυκτὶ
763 2341 924 2429 καλύψας,

71 2441 110 2522 ἀς
125 2443 167 2530 δή
186 2447 219 2510 ολ
234 2443 278 2530 μὴ
297 2443 407 2530 πάγχυ
423 2447 532 2530 γέρων
548 2433 755 2530 ἀκαχήμενος
767 2451 827 2528 είη.
906 2511 913 2528 ,

70 2546 185 2621 ἵππους
203 2541 233 2610 θ’
253 2544 406 2623 ἐξελάσας
422 2543 623 2630 μεγαθύμου
643 2546 766 2620 Τυδέος
783 2538 856 2620 υίός
983 2559 1016 2612 25

72 2646 173 2711 ὀόκεν
189 2645 366 2731 ἑταίροισιν
383 2645 539 2729 κατάγειν
555 2649 667 2722 κοίλας
685 2642 737 2709 έπὶ
754 2648 843 2727 νῆας.

75 2750 178 2824 Τρῶες
193 2742 229 2809 δὲ
243 2743 434 2829 μεγάθυμοι
449 2745 519 2812 ἐπεὶ
536 2748 611 2812 mov
627 2740 679 2810 υίε
696 2740 850 2828 Δάρητος

73 2841 125 2908 τὸν
141 2842 202 2928 μὲν
219 2839 436 2929 ἀλευάμενον,
458 2841 518 2912 τὸν
536 2842 571 2910 δὲ
588 2842 755 2929 κτάμενον
770 2837 849 2926 παρ’
868 2837 1016 2927 ὄχεσφιν,

73 2948 168 3009 πᾶσιν
186 2941 308 3028 ὀρίνθη
327 2942 453 3030 θυμός·
475 2941 557 3029 άτάρ
576 2949 767 3028 γλαυκῶπις
782 2939 907 3027 Ἀθήυη

73 3041 172 3126 χειρός
191 3038 298 3110 §stood
320 3043 448 3110 έπέεσσι
466 3041 640 3128 προσηύδα
657 3048 790 3124 θοῦρον
799 3039 904 3125 ’Ἇρηα
983 3056 1017 3109 ³⁰

110 3133 218 3224 ,Ἆρες
230 3139 326 3227 Ἄρες
345 3143 546 3229 βροτολοιγὲ,
566 3140 733 3228 μιαιφόνε,
753 3144 988 3225 τειχεσιπλῆτα,

74 3235 130 3306 οὐκ
150 3233 191 3306 ἂν
211 3237 251 3325 δὴ
275 3246 390 3324 Τρῶας
409 3238 471 3326 μέν’
489 3239 645 3326 ἐάσαιμεν
663 3241 718 3308 καὶ
732 3236 881 3324 Ἀχαιούς

74 3332 242 3424 μάρνασθ’,
264 3334 474 3424 ὁπποτέροισι
492 3337 599 3426 πατὴρ
619 3335 705 3417 Ζεύς
723 3341 825 3414 κῦόος
843 3333 949 3422 ὀρέξῃ,

76 3442 133 3502 νῶΐ
150 3438 183 3504 δὲ
201 3437 407 3526 χαζώμεσθα,
427 3437 510 3519 Διός
530 3436 560 3507 δ’
584 3436 760 3526 ἀλεάμεθα
779 3442 920 3522 μῆνιυ,“

105 3530 163 3614 Ὡς
181 3543 320 3606 είποῦσα
338 3538 443 3626 μάχης
462 3540 597 3626 ἐξήγαγε
616 3545 748 3620 θοῦρον
760 3535 873 3620 Αρηα.
984 3547 1018 3601 35

114 3632 218 3686 Homeri
236 3635 308 3688 Ilias.
