2438 3918
216 269 277 334 ³72
560 271 779 330 ΙΛΙΑΔΟΣ
801 275 835 330 Σ.

257 431 376 519 ,Ἀμφὶ
391 431 479 520 μάλα
496 433 674 518 φράζεσθε,
693 437 798 516 φίλοι·
815 437 952 519 κέλομαι
968 430 1035 518 γὰρ
1051 435 1147 516 ἐγυγε

216 531 336 600 ἅστυδε
353 540 419 598 νῦν
435 537 528 616 ίέναι,
546 530 590 618 μή
608 539 740 619 μίμνειν
753 530 820 599 Ἠοῖ
836 537 911 601 δῖαν
1120 547 1162 599 255

216 636 252 701 ἐν
268 637 369 721 πεδίῳ
385 631 474 715 παρὰ
493 640 630 720 νηυσίν·
647 629 723 710 ἑκὰς
741 630 771 700 δ’
791 631 856 700 ἀπό
876 632 1000 720 τείχεός
1017 637 1116 720 είμευ.

216 733 305 817 όφρα
321 733 383 819 μὲν
400 725 499 814 ούτος
516 731 602 820 δνήρ
616 730 834 819 Ἀγαμέμνονι
851 734 947 821 μήνιε
965 736 1036 822 δίῳ,

215 833 324 918 τόφρα
342 833 377 902 δὲ
393 838 536 922 ῥηΐτεροι
552 838 736 920 πολεμίζειν
751 825 839 919 ήσαν
852 832 986 919 Ἀχαιοί·

215 940 389 1020 χαίρεσκον
405 932 468 1021 γὰρ
485 939 587 1020 ἔγωγε
603 941 690 1020 θοῇς
706 935 758 1001 ἐπὶ
775 936 894 1019 νηυσίν
910 931 1029 1014 ίαύων,

215 1033 394 1121 ἐλπόμενος
409 1043 491 1121 νῆας
506 1037 684 1122 αἱρησέμεν
701 1029 927 1120 ἀμφιελίσσας.
1120 1041 1166 1098 260

215 1141 280 1200 νῦν
295 1132 326 1200 δ’
345 1141 446 1214 αίνιδς
462 1139 607 1203 δείδοικα
623 1133 777 1202 ποδύιιεα
793 1140 986 1219 Πηλείωνα·

215 1227 284 1312 οίος
315 1240 429 1303 κείνου
445 1233 557 1322 θυμός
573 1231 740 1322 ὑπέρβιος,
759 1231 822 1301 ούκ
839 1232 993 1320 ἐθελήσει

214 1340 347 1421 μίμνειν
364 1338 400 1403 ἐν
414 1340 526 1426 πεδίῳ,
544 1333 604 1403 όθι
619 1359 681 1420 περ
700 1341 811 1420 Τρῶες
825 1337 881 1402 καί
893 1333 1013 1420 Ἀχαιοί

214 1435 356 1524 ἐνμέσῳ
374 1430 557 1524 ἀμφότεροι
573 1437 672 1522 μένος
679 1434 801 1522 ’Ἀρηος
816 1435 997 1528 δατέονται,

214 1529 297 1601 ἀλλὰ
315 1538 389 1620 περὶ
405 1535 538 1615 ’πτόλιός
553 1559 588 1603 τε
605 1534 785 1622 μαχήσεται
799 1531 859 1620 ήδδ
873 1539 1055 1620 γυναικῶν.
1120 1546 1166 1602 265

213 1631 281 1702 ἄλλ’
300 1643 395 1722 ίομεν
411 1637 506 1722 προτὶ
523 1634 617 1722 ἄστυ,
636 1635 785 1703 πίθεσθέ
797 1659 868 1721 μοι·
887 1625 953 1701 οἶδε
969 1631 1034 1718 γὰρ
1051 1636 1146 1700 ἐσται.

215 1741 280 1799 νῦν
295 1734 358 1820 μέν
374 1732 435 1816 νύξ
452 1736 623 1804 α’πέπαυσε
640 1733 793 1803 ποδύκεα
808 1739 985 1819 Πηλείωνα

213 1829 389 1920 ἀμβροσίη·
409 1840 439 1904 εί
455 1833 487 1902 δ’
506 1835 593 1923 ἄμμε
608 1836 774 1922 κιχήσεται
790 1831 910 1904 ἐνθάδ’
928 1834 1045 1913 ἐόντας

212 1931 333 2020 αὔριον
352 1932 511 2023 ὁρμηθείς
527 1935 593 2004 σύν
608 1937 769 2021 τεύχεσιν,
790 1927 829 2002 εὖ
845 1933 889 2002 νύ
905 1961 953 2014 τις
970 1930 1076 2002 αύτόν

212 2033 386 2120 γνοίσεται·
405 2033 573 2115 ἀσπασίως
589 2033 652 2124 γὰρ
668 2033 818 2120 ἀφίξεται
825 2033 932 2102 Ἴλιον
949 2034 1026 2121 ίρήν
1119 2047 1169 2102 270
1214 2049 1215 2063 ¹

211 2133 248 2212 ὅς
263 2159 301 2201 κε
317 2132 418 2221 φύγη,
436 2131 581 2213 πολλούς
598 2133 634 2204 δέ
649 2135 751 2214 κύνες
766 2136 822 2203 καί
837 2142 941 2220 γῦπες
957 2137 1090 2202 ἔδονται
1213 2153 1214 2167 *

214 2232 354 2318 Τροίαν·
372 2238 408 2301 αδ
422 2233 485 2319 γὰρ
500 2233 542 2322 δή
558 2260 615 2321 μοι
631 2231 684 2301 ἀπ’
702 2233 822 2314 οὔατος
839 2226 904 2302 όδε
919 2237 1058 2321 γένοιτο.
1212 2243 1213 2250 ’

211 2337 241 2400 εί
255 2329 285 2397 δ’
304 2326 348 2398 ἂν
364 2335 453 2419 ἐμοῑς
468 2336 597 2402 ἐπέεσσι
614 2333 807 2420 πιθώμεθα,
824 2333 1006 2420 κηδόμενοί
1020 2356 1095 2420 περ,
1211 2357 1212 2377 ·

210 2428 315 2497 νύκτα
332 2430 393 2518 μὲν
410 2436 460 2500 είν
475 2429 581 2522 ἀγορή
597 2438 719 2512 σθένος
736 2434 863 2521 ἕξομεν,
882 2431 966 2502 δστυ
984 2433 1020 2503 δέ
1034 2434 1161 2520 πύργοι
1210 2449 1211 2483 ι

211 2525 337 2615 ὑψηλαί
349 2555 383 2597 τε
400 2529 502 2598 πύλαι
518 2536 649 2612 σανίδες
664 2530 688 2598 τ’
707 2534 758 2602 ἐπὶ
777 2539 836 2620 τής
853 2531 1010 2622 όραρνϊαι
1119 2549 1171 2604 275
1209 2535 1210 2540 ’

209 2630 332 2715 μακραὶ
360 2629 505 2708 ἐύξεστοι
531 2633 722 2719 ἐζευγμέναι
738 2633 956 2721 εἰρύσσονται.

209 2734 297 2812 προῖῑ
312 2724 344 2794 δ’
362 2723 494 2815 ὑπηοῖοι
511 2728 576 2798 σύν
592 2731 723 2817 τεύχεσι
738 2735 973 2820 θωρηχθέντες
1207 2729 1208 2798 λ

209 2825 386 2914 στησόμεθ’
404 2824 449 2916 δμ
466 2829 630 2918 πύργους·
655 2841 701 2920 τῷ
719 2829 751 2900 δ’
770 2831 897 2920 ἄλγιον,
915 2841 954 2902 αί
965 2830 993 2900 κ’
1011 2837 1172 2923 ἐθέλῃσιν

136 2955 140 2962 ·
210 2924 321 2995 ἐλθόν
337 2931 372 2995 ἐκ
389 2934 482 3015 νηόν
499 2931 573 3018 περί
588 2936 711 3018 τείχεος
727 2930 811 3020 ἄμμι
828 2930 1002 3019 μάχεσθαι.

207 3014 254 3101 ἂν
270 3027 370 3094 πάλιν
387 3025 448 3096 είσ’
467 3030 521 3098 ἐπὶ
537 3036 629 3117 νήας,
646 3033 719 3098 ἐπεί
731 3027 757 3099 κ’
777 3031 969 3119 ἐριαύχενας
982 3033 1109 3111 ἵππους
1119 3048 1170 3103 980

206 3131 367 3193 παντοίου
383 3127 512 3215 δρόμου
528 3126 594 3216 ι’ίση
610 3125 676 3197 ύπδ
695 3129 814 3198 πτόλιν
828 3128 1034 3218 ήλασκείζωυ.

207 3232 284 3292 εἴσω
301 3220 333 3291 δ’
356 3224 399 3293 ού
417 3253 475 3313 μιν
490 3227 601 3316 θυμός
618 3233 853 3318 ἐφορμηθῆναι
869 3229 969 3318 ἐάσει,

207 3318 287 3392 ούδέ
302 3323 371 3393 ποτ’
389 3328 554 3412 ἐκπέρσει·
566 3334 652 3417 πρίν
668 3357 727 3417 μιν
743 3330 845 3410 κύνες
859 3327 956 3416 ἀργοὶ
973 3334 1147 3400 έδονται.“

687 3527 815 3615 Ἕκτωρ
