2412 3918
398 298 618 356 ΙΛΙΑΔΟΣ
645 299 692 356 x1.
962 293 1023 356 21³

66 457 184 542 Ἕκτωρ
203 455 235 525 δ’
257 449 313 525 ὦκ’
329 453 519 540 ἀπέλεθρον
537 452 712 543 άυέδραμε,
729 462 823 544 μίκτο
844 454 875 525 δ’
896 455 1008 548 όμίλφ,

73 561 128 641 στῆ
145 555 180 623 δὲ
196 552 281 641 γυύξ
299 553 425 641 ἐριπύν
442 557 497 623 καλ
512 557 661 638 ἐρείσατο
678 558 760 642 χειρὶ
776 562 892 644 παχείη
972 573 1023 626 355

72 661 172 740 γαίης·
197 649 284 740 ἀμφὶ
303 654 338 721 δὲ
355 651 435 721 ὄσσε
452 652 588 741 κελαινὴ
608 652 670 736 νύξ
687 655 864 736 ἐκάλυψεν.

74 750 158 838 όφρα
176 754 212 822 δὲ
233 758 395 840 Τυδείδης
411 751 492 840 μετὰ
511 754 675 840 δούρατος
692 751 781 842 ᾤχετ’
799 753 908 841 ἐρωήν

73 857 142 937 τῆλε
159 849 215 919 διά
232 851 426 940 προμάχων,
444 851 503 922 ὅθι
520 856 555 920 οί
569 857 763 922 καταείσατο
780 859 884 940 γαίης,

72 948 159 1036 τόφρ’
173 948 304 1037 Ἕκτωρ
321 950 485 1038 ἄμπνυτο,
504 953 559 1019 καὶ
575 947 623 1032 άψ
639 955 671 1030 ἐς
689 956 812 1039 δίφρον
829 952 975 1036 ὀρούσας

72 1046 187 1128 ἐξέλασ’
205 1053 239 1128 ἐς
256 1047 405 1136 πληθύν,
422 1051 478 1118 καὶ
495 1049 637 1118 ἀλεύατο
667 1058 752 1137 κῆρα
768 1051 938 1142 μέλαιναν.
970 1065 1022 1120 δόυ·

73 1151 161 1234 δουρί
179 1146 212 1215 δ’
230 1152 401 1217 ἐπαΐσσων
418 1153 571 1238 προσέφη
590 1147 749 1235 κρατερὸς
765 1149 937 1237 Διομήδης

106 1245 181 1332 „735
198 1240 244 1315 αύ
260 1255 327 1316 νῦν
343 1253 465 1335 ἔφυγες
481 1249 649 1334 θάνατον,
674 1249 774 1316 κύον·
794 1241 815 1335 ἦ
831 1249 868 1315 τέ
883 1274 934 1316 τοι
949 1247 1023 1333 άγχι

70 1339 148 1431 ήλθε
162 1347 289 1415 κακόν·
309 1355 375 1415 νύν
386 1342 468 1416 αύτέ
481 1345 510 1415 σ’
524 1347 688 1433 ἐρύσσατο
706 1354 828 1434 Φοῖβος
841 1344 1020 1431 Ἀπόλλων,

71 1437 95 1534 β
109 1449 239 1532 μέλλεις
256 1445 416 1534 εὔχεσθαι
433 1447 495 1516 ίύν
511 1450 545 1526 ἐς
561 1451 691 1514 δοῦπον
708 1444 869 1514 άκόντων.

71 1537 171 1633 ήθήν
189 1543 218 1614 ο)
236 1549 365 1628 ἐξανύω
383 1575 422 1635 γε
439 1549 494 1615 καὶ
510 1546 654 1633 ὕστερον
670 1541 900 1632 ἀντιβολήσας,
972 1557 1023 1612 365

71 1655 99 1712 ελ
111 1647 179 1714 πού
198 1673 248 1725 τις
265 1649 321 1715 καί
338 1653 450 1732 ἔμοιγε
466 1653 561 1715 θεαῖν
576 1644 800 1733 ἐπιτάρροθός
817 1646 915 1712 ἐστιν.

72 1751 131 1811 νῦν
145 1738 193 1812 αὖ
208 1743 291 1825 τούς
307 1745 433 1825 ἄλλους
448 1749 643 1832 ἐπιείσομαι,
662 1743 704 1812 όν
719 1770 757 1812 κε
774 1749 919 1828 κιχείω.“

112 1836 156 1910 Ἠ
180 1845 238 1912 καί
253 1849 440 1931 Παιονίδην
456 1842 678 1931 δονρικλντόυ
693 1843 886 1930 ἐξενάριξεν.

69 1941 170 2039 αὐτὰρ
187 1941 414 2030 Ἀλέξανδρος,
431 1941 563 2030 Ἑλένης
580 1943 677 2022 πόσις
693 1940 866 2029 ήύκόμοιο,

72 2048 210 2132 Τυδείδη
232 2049 287 2112 ε’πι
302 2045 382 2123 τόξα
399 2049 570 2128 τιταίνετο,
589 2045 721 2128 ποιμένι
737 2048 838 2125 λαοῑν,
973 2054 1025 2110 370

69 2143 166 2232 στήλη
186 2146 382 2230 κεκλιμένος
398 2140 618 2230 άυδροκμήτςο
637 2141 690 2210 ἐπὶ
706 2138 821 2227 τύμβῳ

63 2241 146 2310 Ἴλου
164 2249 395 2329 Δαρδανίδαο,
414 2248 558 2310 παλαιοῦ
577 2241 828 2326 δημογέροντος·

69 2340 136 2427 ήτοι
153 2341 172 2412 ὁ
190 2343 254 2429 μέν
270 2343 413 2430 θύρηκα
428 2340 658 2428 Ἀγαστρόφου
676 2343 830 2424 ἰφθίμοιο

68 2441 167 2510 αἴνυτ’
186 2441 253 2510 άπό
272 2442 440 2529 στήθεσφι
457 2446 642 2508 παναίολον
658 2435 781 2505 άσπίδα
796 2433 820 2504 τ’
840 2435 940 2523 άμων

68 2542 119 2609 καὶ
134 2541 274 2628 κόρυθα
291 2541 452 2629 βριαρήν·
476 2536 494 2607 ὁ
513 2539 549 2606 δὲ
565 2536 666 2618 τόξου
681 2543 793 2623 πῆχυν
810 2533 952 2604 άνελκεν
973 2552 1024 2607 376

68 2641 119 2709 καί
136 2641 255 2728 βάλεν,
275 2638 352 2710 οὐδ’
364 2639 430 2725 άρα
447 2667 506 2727 μιν
522 2637 620 2706 άλιον
636 2639 732 2723 βέλος
749 2641 873 2722 ἔκφυγε
889 2633 1008 2722 χειρὸς,

68 2739 191 2828 ταρσόν
208 2746 387 2824 δεξιτεροῖο
405 2738 524 2817 ποδός·
549 2734 603 2804 διὰ
622 2732 801 2820 δ’άμπερές
817 2731 867 2813 ίδς

69 2842 102 2906 ἐν
116 2848 196 2930 γαίη
212 2845 410 2926 κατέπηκτο.
443 2836 462 2906 ὁ
482 2838 516 2906 δὲ
533 2837 621 2923 μάλα
636 2831 703 2920 ήδύ
720 2832 885 2918 γελάσσας

68 2941 100 3005 έκ
116 2939 221 3027 λόχου
237 2936 415 3027 άμπήδησε
432 2939 488 3005 καλ
505 2933 684 3021 εύχόμενος
701 2938 779 3009 ἔπος
794 2931 882 3016 ηύδα

38 3051 42 3061 “
106 3041 285 3126 ,,Βέβληαι,
297 3033 372 3104 οὐδ’
387 3035 484 3104 άλιον
493 3038 589 3122 βέλος
600 3039 761 3117 ἔκφυγεν·
782 3025 826 3107 ὡς
837 3028 963 3116 ὄφελόν
973 3057 1024 3098 τοι

71 3142 196 3204 νείατον
213 3139 248 3216 ἐς
266 3141 417 3204 κενεῶνα
434 3131 550 3221 βαλάν
566 3135 602 3200 ἐκ
617 3128 733 3216 θυμόν
750 3131 894 3196 ἑλέσθαι.
972 3145 1021 3198 381

70 3231 153 3302 οὕτω
170 3261 232 3303 κεν
248 3238 305 3302 καὶ
325 3241 438 3318 Τρῶες
455 3231 667 3301 άνίπνενσαυ
683 3228 871 3314 κακότητος,

69 3336 131 3400 εἴτε
148 3355 185 3401 σε
201 3338 386 3419 πεφρίκασι
402 3327 514 3400 λέονθ’
530 3327 574 3410 ὥς
589 3328 734 3416 μηκάδες
751 3325 873 3412 αδγες.“

110 3430 178 3500 Τόν
195 3431 228 3501 δ’
240 3429 283 3498 ού
301 3431 472 3518 ταρβήσας
489 3435 641 3514 προσέφη
660 3422 821 3511 κρατερὸς
835 3422 1007 3509 Διομήδης

69 3530 215 3620 ,,τοξότα,
235 3529 404 3619 λωβητὴρ,
421 3537 504 3620 κέρᾳ
522 3527 634 3614 άγλαὶ,
651 3533 897 3608 παρθενοπῖπα,
970 3532 1020 3587 ³85
