2470 3926
422 168 641 228 ΙΛΙΑΔΟΣ
662 168 761 224 ΧΧΝ.
1009 158 1069 226 487
1150 167 1156 170 ’

113 331 254 408 ψεῦσταί
268 324 294 396 τ’
310 323 468 414 ὀρχησταί
481 350 526 413 τε,
544 331 794 415 χοροιτυπίῃσιν
810 322 949 413 άριστοι,

78 485 84 510 ,
110 422 226 509 άρνῶν
241 423 297 513 ἡδ’
314 428 440 512 ἐρίφων
456 424 621 513 ἐπιδήμιοι
638 421 854 515 άρπακτῆρες.

110 521 174 592 οὐκ
191 517 235 592 άν
251 521 292 610 δὴ
308 549 365 610 μοι
380 521 508 610 άμαξαν
525 524 758 609 ἐφοπλίσσαιτε
774 524 919 611 τάχιστα,

109 620 215 690 ταῦτά
233 647 268 690 τε
286 619 380 690 πάντ’
397 624 554 709 ἐπιθεῖτε,
571 625 627 691 ἵνα
643 621 844 710 πρήσσωμεν
861 619 950 691 ὁδοῖο
958 627 992 704 ;“

146 717 210 800 Ὣς
222 717 332 808 ἔφαθ’,
345 723 380 788 οί
389 719 422 788 δ’
433 721 498 806 άρα
509 719 634 808 πατρὸς
648 712 904 802 ύποδδείσαντες
920 717 1068 810 ὁμοκλὴν

109 822 146 886 ἐκ
164 818 224 905 μὶιν
241 817 369 906 άμαξαν
385 818 501 908 ἄειραν
517 821 676 908 ἐύτροχον
691 819 873 910 ἡμιονείην,
1015 835 1067 891 266

108 918 217 1004 καλῆν
245 927 467 1006 πρωτοπαγῆ,
492 929 648 1006 πείρινθα
665 922 701 991 δέ
720 925 826 1009 δῆσαν
843 917 889 991 ἐπ’
913 919 1024 1009 αὐτῆς,

108 1013 175 1082 κὰδ
192 1012 224 1082 δ’
241 1013 306 1084 άπὸ
325 1017 515 1104 πασσαλόφι
532 1019 633 1106 ζυγὸν
650 1018 753 1108 ᾕρεον
771 1017 950 1109 ἡμιόνειον,

108 1111 252 1194 πύξινον
275 1111 455 1204 ὀμφαλόεν,
474 1109 513 1186 εὖ
530 1117 700 1206 οίῆκεσσιν
716 1116 853 1207 άρηρός·
903 1155 912 1166 »

108 1215 146 1282 ἐκ
165 1211 198 1280 δ’
215 1218 337 1300 ἔφερον
355 1217 559 1304 ζυγόδεσμον
576 1216 643 1304 ἅμα
660 1223 748 1309 ζυγῷ
765 1217 960 1304 ἐννεάπηχυ.
1015 1231 1067 1288 070

108 1315 165 1379 καλ
182 1310 219 1380 τό
236 1313 298 1400 μὲν
315 1306 354 1382 εὖ
370 1319 562 1402 κατέθηκαν
576 1318 715 1404 ἐϋξέστῳ
733 1315 785 1395 ἐπὶ
803 1315 908 1401 ῥυμῷ,

107 1414 187 1500 πέξη
202 1415 255 1481 ἐπι
270 1413 394 1502 πρύτη,
412 1413 465 1483 ἐπί
482 1414 518 1483 δὲ
535 1419 652 1502 κρίκον
668 1416 778 1502 ἕστορι
794 1413 929 1501 βάλλον,

106 1511 178 1595 τρὶς
195 1509 228 1579 δ’
247 1511 427 1597 ἑκάτερθεν
443 1519 566 1600 ἔδησαν
587 1511 633 1582 ἐπ’
653 1509 817 1600 όμφαλὸν,
835 1509 940 1598 αὐτάρ
957 1515 1067 1580 ἔπειτα

106 1611 210 1698 ἑξείης
224 1615 421 1700 κατέδησαν,
439 1611 505 1682 ὑπὸ
522 1622 665 1700 γλωχίνα
682 1609 714 1678 δ’
733 1617 894 1698 ἔκαμψαν.

107 1713 144 1778 ἐκ
162 1711 320 1798 θαλάμου
338 1711 373 1782 δέ
390 1715 549 1799 φέροντες
564 1717 714 1799 ἐϋξέστης
729 1705 776 1779 ἐπ’
796 1707 926 1799 άπῆνης
1015 1723 1066 1781 075

107 1808 210 1895 νήεον
219 1805 391 1898 Ἑκτορέης
407 1818 553 1898 κεφαλῆς
569 1807 723 1895 ἀπερείσι’
741 1809 874 1896 άποινα,
979 1871 984 1879 .

107 1913 226 1988 ζεῦξαν
244 1906 274 1976 δ’
294 1906 455 1997 ἡμιόνους
473 1910 725 1995 κρατερώνυχας
743 1906 979 1996 ἐντεσιεργούς,

106 2007 187 2086 τούς
204 2007 246 2094 ῥά
264 2031 342 2077 ποτε
359 2010 498 2100 Πριάμῳ
516 2011 631 2078 Μυσοὶ
648 2009 752 2077 δόσαν
770 2006 876 2093 άγλαά
894 2013 994 2092 δῶρα.

106 2107 230 2186 ἵππους
248 2106 284 2175 δέ
301 2107 441 2200 Πριάμῳ
460 2108 590 2194 ὕπαγον
606 2106 717 2196 ζυγὸν,
734 2105 794 2188 οὓς
810 2105 828 2176 ὁ
846 2105 977 2196 γεραιός

108 2201 209 2284 αὐτὸς
225 2205 490 2292 ἐχωνάτίταλλεν
507 2211 641 2296 ἐϋξέστῳ
660 2209 711 2275 ἐπὶ
728 2205 847 2296 φάτνη.
1015 2221 1068 2277 080
1141 2215 1144 2222 ’

152 2300 207 2371 Τά
224 2305 287 2391 μὲν
302 2305 513 2393 ζευγνύσθην
530 2309 568 2375 έν
585 2307 735 2393 δάμασον
754 2302 931 2393 ὑψηλοῖσιν

107 2408 213 2492 κῆρυξ
231 2407 287 2474 καί
302 2411 461 2493 Πρίαμος,
480 2404 604 2474 πυκινά
616 2407 715 2492 φρεσὶ
731 2403 821 2492 μήδε’
841 2409 983 2491 ἔχοντες·

107 2504 288 2593 άγχίμολον
304 2510 343 2575 δέ
358 2504 413 2592 σφ’
428 2499 503 2593 ἦλθ’
517 2505 638 2594 Ἑκάβη
656 2503 795 2592 τετιηότι
810 2511 923 2595 θυμῷ,

107 2605 202 2674 οἶνον
220 2601 326 2692 ἐχουό
343 2609 381 2674 ἐν
396 2606 478 2694 χειρὶ
495 2612 680 2693 μελίφρονα
697 2608 915 2691 δεξιτερῆφιν,

107 2709 235 2796 χρυσέῳ
254 2707 413 2788 ἐνδέπαί,
431 2703 522 2791 ὄφρα
539 2710 692 2786 λείψαντε
708 2709 850 2792 κιοίτην·
1015 2717 1067 2772 085

108 2811 170 2891 στῆ
180 2801 331 2873 δ’ῗπποιν
343 2805 576 2890 προπάροιθεν
585 2809 662 2884 ἐπος
672 2801 696 2872 τ’
707 2801 798 2889 ἔφατ’
811 2807 846 2871 ἐκ
857 2799 883 2871 τ’
891 2799 1053 2889 ὀνόμαζεν

150 2910 236 2992 „Q
255 2917 392 2973 σπεῖσον
407 2906 464 2973 Διὶ
481 2905 589 2988 πατρὶ,
607 2905 662 2972 καί
679 2897 773 2987 εὔχεο
792 2896 897 2970 οἴκαδ’
915 2902 1047 2969 ίκέσθαι

106 2997 155 3084 άψ
171 3005 208 3072 ἐκ
227 3001 577 3090 δυσμενέωνάνδρῶν,
595 3003 664 3070 ἐπεὶ
681 2996 723 3086 άρ
741 3003 816 3086 σέγε
827 2997 938 3086 θυμός

105 3100 245 3192 ὀτρύνει
262 3103 313 3170 ἐπὶ
332 3107 424 3189 νῆας,
442 3103 529 3190 έμεϊο
547 3099 609 3187 μὲν
626 3097 688 3168 ούκ
706 3098 897 3185 ἐθελούσης.

105 3199 174 3274 ἀλλ’
194 3200 294 3288 εύχευ
311 3197 383 3288 σύγ’
400 3198 513 3270 ’ἔπειτα
533 3203 722 3286 κελαινεφέι
737 3204 905 3284 Κρονίωνι
1016 3210 1066 3269 000

111 3307 221 3394 Ιδαίῳ,
240 3297 317 3368 ὅστε
337 3304 461 3387 Τροίην
474 3296 558 3368 κατά
576 3306 687 3367 πᾶσαν
704 3293 831 3387 ὁρᾶται,

107 3411 190 3471 αίτει
208 3400 240 3470 δ’
262 3396 395 3486 οίωνδν,
413 3397 518 3485 ταχύν
534 3397 686 3486 άγγελον,
704 3393 780 3466 ὅστε
797 3399 832 3465 os
845 3393 936 3487 αὐτῷ
