2442 3922
204 249 261 314 1⁵0
546 251 768 310 ΙΛΙΑΔΟΣ
795 253 828 310 Θ.

197 415 337 499 τάφρου
352 410 378 480 τ’
395 411 543 492 ἐξελάσαι
559 411 615 477 καὶ
630 411 819 497 ἐναντίβιον
836 401 1060 497 μαχέσασθαι,
1117 427 1160 479 25⁵

197 508 280 580 ἀλλὰ
305 510 391 580 πολὺ
407 517 538 596 πρῶτος
555 506 682 594 Τράων
696 511 772 576 ἕλεν
789 509 899 597 άυδρα
914 509 1100 600 κορυστὴν,

198 614 440 698 Φραδμονίδην
447 609 610 695 Ἀγέλαον.
629 605 722 695 ὁμέν
733 608 859 696 φύγαδ’
871 614 1019 697 ἔτραπεν
1029 613 1159 689 ἵππους·

198 719 245 801 τῷ
267 712 302 780 δέ
317 712 597 798 μεταστρεφθέντι
613 711 809 798 μεταφρένῳ
826 711 864 777 έν
881 708 969 794 δόρυ
986 714 1092 795 πῆξεν

198 808 248 897 άμ
258 837 305 878 ων
319 807 496 897 μεσσηγὺς,
512 807 566 877 διὰ
583 807 619 877 δὲ
635 807 825 895 στήθεσφιν
839 813 990 878 ἔλασσεν.

200 909 301 996 ἤριπε
318 908 351 977 δ’
367 912 400 989 έξ
417 906 532 996 ὀχέων,
548 905 696 995 ἀράβησε
716 908 752 974 δὲ
767 906 871 993 τεύχε’
889 906 940 976 ἐπ’
956 905 1063 996 αὐτῷ.
1116 920 1160 975 τοο

247 1006 316 1077 Τόν
332 1009 367 1077 δέ
382 1005 448 1095 μετ’
463 1005 632 1092 Ἀτρεῖδαι,
646 1004 863 1093 Ἀγαμέμνων
878 1008 936 1075 καλ
951 1011 1137 1090 Μενέλαος,

201 1121 287 1179 τοῖσι
303 1107 334 1177 δ’
353 1105 401 1177 ἐπ’
415 1117 565 1195 Αἴαντες,
583 1109 709 1192 θοῦριν
723 1109 904 1194 ἐπιειμένοι
921 1103 1044 1192 άλκήν,

201 1221 287 1276 τοῖσι
306 1205 336 1275 δ’
358 1204 406 1276 ἐπ’
421 1204 605 1293 Ἰδομενεὺς
623 1205 679 1274 καὶ
699 1201 817 1274 ὀπάων
831 1203 1034 1292 Ἰδομενῆος,

208 1305 394 1394 Μηριόνης,
414 1302 597 1384 ἀτάλαντος
613 1301 772 1393 Ἐνυαλίῳ
792 1299 1036 1393 ἀνδρειφόντῃ,

201 1420 285 1475 τοῖσι
305 1404 338 1473 δ’
357 1402 404 1475 ἐπ’
422 1403 636 1489 Εὐρύπυλος,
655 1399 847 1490 Εὐαίμονος
866 1400 992 1489 άγλαός
1012 1403 1097 1482 υίός.
1114 1417 1161 1471 266

206 1513 353 1592 Τεῦκρος
372 1503 402 1573 δ’
426 1514 552 1583 είνατος
570 1497 673 1591 ἦλθε,
693 1509 878 1572 παλίντονα
897 1501 979 1583 τόξα
997 1509 1161 1588 τιταίνων,

202 1701 270 1772 ἔνθ’
292 1713 376 1782 Αἴας
393 1704 455 1790 μὲν
473 1698 675 1788 ὑπεξέφερεν
694 1700 812 1780 σάκος·
833 1698 942 1784 αὐτὰρ
962 1697 1014 1786 ὅγ’
1034 1696 1125 1786 ἥρως

203 1800 382 1888 παπτήνας,
403 1801 472 1869 ἐπεὶ
490 1798 534 1884 άρ
553 1798 612 1868 τιν’
633 1798 805 1880 ὀϊστεύσας
825 1802 862 1869 έν
881 1797 988 1890 ὁμίλῳ

202 1897 369 1987 βεβλήκοι,
390 1895 407 1967 ὀ
427 1897 488 1986 μέν
506 1892 589 1966 αὖθι
608 1897 721 1968 πεσόν
739 1898 804 1967 άπό
817 1897 936 1988 θυμόν
948 1899 1103 1986 ὀλεσκεν,
1115 1913 1160 1970 m
1206 1889 1207 1931 λ

202 1994 307 2082 αὐτὰρ
327 1995 344 2064 ὀ
366 1991 458 2078 αὖτις
477 1995 547 2085 ίόν,
568 2013 645 2078 παῖς
664 1996 708 2078 ὀός
726 1996 794 2068 ὑπό
815 2002 951 2086 μητέρα,
974 1999 1106 2068 δύσκεν
1205 2045 1206 2093 ,

157 2105 160 2111 “
202 2100 248 2174 είς
266 2095 402 2164 Αἴανθ’·
420 2096 438 2165 ὁ
458 2101 496 2164 δέ
512 2123 570 2183 μιν
589 2097 685 2164 σάκει
701 2097 896 2183 κρύπτασκε
917 2104 1060 2184 φαεινῷ.

208 2269 210 2274 ,
247 2194 353 2262 Ἔνθα
373 2200 446 2262 τίνα
465 2204 598 2280 πρῶτον
617 2196 744 2279 Τράων
763 2197 817 2264 ἕλε
832 2203 983 2282 Τεῦκρος
1003 2195 1162 2288 άμύμ.ων;
1204 2189 1205 2257 λ

199 2288 387 2378 Ὀρσίλοχον
404 2292 466 2378 μὲν
484 2301 598 2378 πρῶτα
616 2297 671 2362 καὶ
682 2293 850 2380 Ὄρμενον
867 2293 925 2383 ἠδ’
945 2293 1145 2383 Ὀφελέστην
1203 2357 1204 2419 ,

199 2389 350 2473 Δαίτορά
369 2415 404 2456 τε
414 2397 563 2477 Χρομίον
576 2419 611 2460 τε
626 2395 683 2462 καὶ
694 2392 857 2463 ἀντίθεον
867 2397 1105 2483 Λυκοφόντην
1116 2410 1163 2464 275

200 2491 257 2555 καὶ
276 2495 545 2578 Πολυαιμονίδην
560 2491 749 2580 Ἀμοπάονα
767 2496 823 2562 καὶ
842 2494 1086 2563 Μελάνιππον.
1202 2531 1203 2583 η

200 2587 341 2672 ήπάντας
358 2590 601 2674 ἐπασσυτέρους
619 2594 740 2661 πέλασε
758 2594 859 2680 χθονὶ
875 2599 1147 2684 πουλυβοτείρῃ]
1201 2663 1202 2670 ,

201 2684 263 2752 τόν
283 2687 317 2778 δὲ
336 2685 419 2754 ίδόν
435 2689 588 2778 γήθησεν
606 2691 690 2774 άναξ
710 2691 1094 2781 ἀνδρῶν-Ἀγαμέμνων,
1201 2683 1202 2746 λ

202 2784 301 2864 τόξον
319 2784 385 2853 άπο
405 2797 568 2874 κρατεροῦ
582 2791 710 2878 Τροίων
728 2790 889 2860 ὀλέκοντα
902 2793 1104 2879 φάλαγγας·
1115 2808 1164 2862 27⁹
1200 2847 1201 2909 ,

203 2889 264 2967 στή
285 2884 319 2952 δὲ
338 2883 417 2967 παρ’
437 2883 542 2956 αότόν
561 2888 623 2959 ίόν
641 2900 699 2960 καί
715 2919 773 2978 μιν
792 2890 878 2975 πρός
899 2899 1018 2979 μῦθον
1039 2897 1149 2961 ἔειπεν

243 2987 404 3068 ,,Τεῦκρε,
425 2991 503 3072 φίλη
522 2987 663 3078 κεφαλή,
678 2991 880 3078 Τελαμάυιε,
901 2996 1042 3072 κοίρανε
1062 2999 1162 3074 λαῶν,
1198 2939 1200 3072 Ι

206 3075 296 3162 βάλλ’
318 3077 432 3167 οὕτως,
453 3094 491 3152 αλ
505 3091 564 3154 κέν
581 3116 613 3156 τι
632 3091 725 3176 φόως
744 3101 912 3160 Δαναοῖσι
930 3093 1052 3180 γένηαι
1069 3153 1076 3164 .

204 3181 306 3256 πατρί
320 3202 355 3243 τε
374 3187 422 3267 σςδ
444 3187 625 3278 Τελαμῶνι,
646 3189 666 3260 ὀ
686 3188 714 3259 ό
734 3197 853 3277 ἔτρεφε
873 3191 1013 3260 τυτθόν·
1026 3191 1127 3260 έόντα

205 3278 263 3340 καί
277 3296 314 3341 σε
332 3277 440 3346 νόθον
459 3308 520 3369 περ
540 3287 637 3357 έόντα
656 3297 836 3379 κομίσσατο
858 3283 886 3381 ᾦ
905 3293 956 3360 ένὶ
977 3300 1076 3379 οἴκῳ·

206 3371 264 3438 τὸν
282 3378 336 3442 καλ
353 3378 464 3462 τηλόθ’
485 3385 582 3455 έόντα
601 3393 750 3479 ἐϋκλείης
768 3395 939 3480 ἐπίβησον.
1115 3403 1165 3460 28⁵

236 3471 258 3538 εὶ
278 3469 308 3538 δ’
330 3473 393 3559 έγό
413 3481 527 3560 ἐξερέω
548 3483 591 3566 ὀις
611 3493 665 3560 καὶ
684 3495 921 3573 τετελεσμένον
942 3499 1048 3563 ἔσται·
1105 3535 1107 3540 ·
