2412 3918
396 251 618 310 ΙΛΙΑΔΟΣ
641 254 689 310 XI.
952 251 1014 314 203

69 417 103 494 τη·
120 407 151 476 δ’
168 409 221 476 ἐπὶ
236 409 299 493 μὲν
315 405 434 494 Γοργά
452 415 664 496 βλοσυρῶπις
680 409 888 498 ἐστεφάνωτο

68 503 172 575 δεινόν
189 508 383 593 δερκομένη,
401 509 477 591 περὶ
494 507 530 576 δὲ
546 508 671 596 Δεῖμός
687 536 723 578 τε
740 511 853 599 Φόβος
869 539 913 580 τε.

68 613 118 693 τῆς
133 605 165 674 θ’
183 608 215 688 ἓξ
231 605 398 692 ἀργύρεος
414 607 567 693 τελαμτόν
582 601 641 694 ἦν·
659 608 765 692 αὐτὰρ
782 607 829 678 ἐπί
848 607 953 680 αύτοῦ

67 705 199 784 κυάνεος
216 707 362 775 ἐλέλικτο
380 706 525 792 δράκων,
543 711 685 793 κεφαλαὶ
702 712 741 777 δέ
755 713 790 776 οί
802 702 890 796 ἦσαν

68 817 146 885 τρείς
161 803 416 891 ἀμφιστρεφέες,
435 806 510 885 ἑνός
527 805 667 892 αὐχένος
682 811 891 893 ἐκπεφυυῖαι.
979 825 1015 878 λυ

66 903 152 986 κρατὶ
168 900 203 970 δ’
220 899 269 970 ἐπ’
288 901 485 990 ἀμφίφαλον
500 909 626 991 κυνέην
641 909 722 976 θέτο
751 907 1003 994 τετραφάληρον

65 1006 233 1086 ἵππουριν·
254 1002 366 1070 δεινόν
383 1005 419 1072 δὲ
435 1005 540 1090 λόφος
560 1005 781 1090 καθύπερθεν
796 1012 921 1076 ἔνευεν.

66 1103 161 1168 εἵλετο
180 1103 216 1168 δ’
234 1099 357 1187 άλκιμα
375 1107 476 1190 δοῦρε
494 1105 575 1190 θύω,
593 1108 826 1191 κεκορυθμένα
843 1112 964 1196 χαλκῷ,

66 1195 147 1279 ὀξέα·
164 1208 245 1287 τῆλε
261 1203 297 1270 όέ
315 1200 435 1289 χαλκὸς
452 1199 505 1270 ἀπ’
524 1200 669 1288 αὐτόφιν
685 1201 834 1286 οὐρανόν
850 1212 929 1272 ελσω

66 1296 164 1383 λάμπ’·
184 1301 239 1367 ἐπὶ
255 1298 286 1368 δ’
306 1300 518 1386 ἐγδούπησαν
532 1299 689 1387 Ἀθηναίη
706 1327 741 1370 τε
757 1303 813 1369 καὶ
822 1300 921 1387 Ἥρη,
980 1316 1014 1368 4⁵

67 1403 198 1481 τιμῶσαι
214 1405 357 1485 βασιλῆα
373 1400 595 1485 πολυχρύσοιο
611 1401 788 1487 Μυκήνης.

94 1493 234 1585 Ἠνιόχην
250 1480 314 1582 μὲν
332 1504 443 1566 ἔπειτα
460 1502 504 1587 ἑῷ
521 1501 693 1567 ἐπέτελλεν
708 1500 846 1578 ἕκαστος

64 1596 176 1674 ἵππους
195 1588 235 1662 εὖ
252 1593 335 1664 κατά
353 1596 484 1682 κόσμον
499 1600 661 1682 ἐρυκέμεν
677 1590 755 1666 αὖθ’
771 1599 826 1666 ἐπὶ
841 1597 969 1685 τάφρην,

65 1691 152 1766 αὐτοὶ
169 1693 207 1762 δὲ
223 1697 363 1778 πρυλέες
380 1692 447 1762 σὺν
462 1697 592 1780 τεύχεσι
607 1701 841 1782 θωρηχθέντες

66 1793 184 1874 όόονέ·
202 1793 364 1880 ἄσβεστος
378 1797 414 1862 δέ
431 1792 493 1881 βοὴ
511 1793 613 1880 γένετ’
630 1795 718 1881 ἠῶθι
736 1795 812 1880 πρό.
976 1810 1012 1862 50

66 1891 153 1975 φθὰν
170 1895 208 1960 δὲ
226 1890 293 1978 μέγ’
314 1893 448 1980 ἱππήων
466 1895 519 1964 ἐπὶ
536 1894 653 1984 τάφρφ
670 1896 904 1980 κοσμηθέντες,

66 1993 174 2076 ίππῆες
194 1989 228 2058 δ’
248 1991 364 2076 ὀλίγον
380 1999 588 2078 μετεκίαθον.
611 1999 649 2062 έν
665 1995 700 2064 δὲ
716 1993 879 2080 κυδοιμόν

66 2082 143 2171 ὦρσε
160 2091 271 2158 κακὸν
285 2097 463 2179 Κρονίδης,
481 2092 563 2162 κατά
582 2092 615 2160 θ’
632 2091 765 2173 ὑψόθεν
780 2084 864 2180 ἧκεν
879 2095 993 2177 ἐέρσας

66 2193 168 2274 αἵματι
182 2192 351 2276 μυδαλέας
367 2193 399 2270 ἐξ
417 2197 562 2277 αέθέρος,
581 2189 692 2260 οὕνεκ’
708 2197 845 2276 ἔμελλεν

65 2287 182 2369 πολλάς
199 2295 364 2375 ἰφθίμους
380 2288 622 2376 κεφαλάςἍϊόι
637 2288 825 2372 προϊάψειν.
978 2301 1011 2356 5⁵

101 2395 213 2472 Τρῶες
231 2387 264 2454 θ’
281 2380 360 2456 αὖθ’
379 2390 544 2473 ἑτέρωθεν
558 2390 612 2458 ἐπὶ
627 2394 776 2476 θρωσμῷ
794 2391 932 2471 πεδίοιο,

62 2483 191 2570 Ἐκτορά
208 2483 235 2553 τ’
252 2483 338 2572 άμφλ
355 2491 461 2572 μέγαν
477 2489 533 2557 καὶ
549 2488 704 2574 ἀμύμονα
722 2486 993 2571 Πουλυδάμαντα

67 2589 197 2653 Αἰνείαν
213 2582 259 2671 θ’,
279 2581 317 2664 ός
337 2589 448 2670 Τρωσὶ
459 2584 541 2668 θεός
558 2583 603 2666 ἀς
617 2592 703 2656 τίετο
723 2587 827 2675 λη’μφ,

64 2698 143 2764 τρεῖς
160 2683 186 2752 τ’
207 2685 449 2770 Ἀντηνορίδας,
467 2685 627 2773 Πόλυβον
643 2688 699 2754 καὶ
717 2682 880 2771 Ἀγήνορα
897 2688 969 2752 όϊοο

65 2784 177 2867 ηλθεόν
191 2782 219 2852 τ’
240 2781 422 2869 Ἀκάμαντ’,
441 2788 625 2854 ἐπιείκελον
639 2783 869 2854 ἀθανάτοισιν.
978 2796 1013 2850 6⁰

60 2869 175 2967 Ἕκτωρ
193 2879 226 2950 δ’
245 2885 284 2951 ἐν
299 2883 460 2967 πρότονοι
476 2880 547 2970 φέρ’
565 2881 688 2952 ἀσπίδα
705 2877 846 2952 πάντοσ’
863 2883 966 2968 ἐΐσην.
985 2903 989 2911 ·

66 2973 128 3059 οἷος
144 2979 175 3048 θ’
194 2982 232 3047 ἐκ
249 2985 381 3067 νεφέων
396 2979 614 3070 ἀναφαίνεται
631 2981 744 3060 ούλιος
759 2977 863 3068 ἀστὴρ

65 3083 271 3165 παμφαίνων,
289 3080 361 3148 τοτέ
379 3078 409 3148 θ’
430 3074 524 3160 αὖτις
540 3086 600 3150 έόυ
617 3085 721 3167 νέφεα
738 3080 902 3166 σκιόεντα,

67 3172 237 3260 όςἝκτωρ
255 3175 309 3248 ὁτὲ
326 3183 389 3264 μέν
403 3205 438 3248 τε
455 3181 536 3266 μετὰ
552 3180 714 3266 πράτοισι
730 3179 910 3265 φάνεσκεν,

66 3272 175 3344 ἀλλοτε
192 3274 222 3343 δ’
240 3279 282 3344 έν
299 3279 481 3363 πυμάτοισι
497 3280 662 3348 κελεύων·
681 3287 745 3358 πάς
763 3276 795 3344 δ’
813 3276 879 3358 ἀρα
891 3282 1004 3364 χαλκῷ

67 3371 157 3458 λάμφ’
177 3372 260 3442 ὥστε
278 3374 421 3463 στεροπὴ
440 3378 565 3462 πατρός
581 3373 665 3456 Διός
682 3375 852 3460 αἰγιόχοιο.
979 3387 1014 3444 66

107 3477 148 3541 Οί
164 3473 206 3561 θ’,
226 3471 299 3541 ὥστ’
318 3473 483 3563 ἀμητῆρες
498 3481 642 3546 ἐναντίοι
658 3471 852 3560 ἀλλήλοισιν
