2442 3922
181 247 224 311 οι
520 247 733 306 &maoz
758 204 793 304 Δ.

182 414 316 496 πλησίαι
335 404 394 495 αἵγ’
416 405 538 494 ἥσθην,
559 401 645 474 κακά
665 403 701 472 δὲ
723 403 873 488 Τρύεσσι
891 407 1073 490 μεδέσθην.

181 509 256 596 ἤτοι
271 505 428 595 Ἀθηναίη
447 504 556 574 ἀκέων
574 497 619 592 ἦν
647 499 730 571 ούδέ
744 529 776 570 τι
794 501 897 588 εἶπεν,
997 533 999 536 ·
1172 578 1174 584 s

182 610 365 693 σκυζομένη
383 607 441 674 Διὶ
460 607 567 690 πατρὶ,
587 601 684 688 χόλος
703 605 743 669 δέ
758 628 816 688 μιν
835 601 953 688 ἀγριος
974 598 1065 688 ᾕρει·

173 703 262 793 Ἤρη
281 701 312 772 δ’
334 701 396 771 οὐκ
416 706 509 789 ἐχαδε
528 709 652 787 στῆθος
670 701 781 786 χόλον,
802 698 887 768 ἀλλά
907 699 1088 786 προσηύδα

222 801 406 888 ,,Αίυότατε
423 803 582 886 Κρονίδη,
602 812 699 866 ποῖον
718 795 779 866 τόν
798 808 913 884 μῦθον
932 805 1048 878 ἔειπες.
1104 815 1142 866 κο

180 910 250 982 πως
268 903 393 979 ἐθέλεις
411 897 507 966 ἀλιον
525 907 636 965 θεῖναι
655 897 761 965 πόνον
778 895 833 984 ἠδ’
856 896 1044 980 ἀτέλεστον,

180 1003 264 1083 ίδρολ
282 996 314 1066 θ’
336 995 377 1066 ὃν
394 1001 520 1083 ἵδρωσα
538 996 642 1086 μόγῳ,
662 999 806 1082 καμέτην
826 1000 863 1063 δέ
880 1022 938 1082 μοι
955 999 1053 1063 ἵπποι

180 1095 264 1165 λαόν
282 1093 472 1182 ἀγειρούσῃ,
491 1093 629 1184 Πριάμῳ
649 1091 734 1162 κακά
753 1095 824 1162 τοῖό
842 1119 878 1162 τε
897 1099 1023 1162 παισίν.

181 1192 269 1279 ἔρδ’·
290 1191 372 1278 ἀτάρ
392 1191 436 1260 ού
454 1219 505 1260 τοι
523 1191 643 1271 πάντες
663 1195 857 1278 ἐπαινέομεν
875 1195 951 1261 θεοὶ
971 1192 1106 1262 ἀλλοι.“

225 1291 295 1379 Τὴν
315 1292 350 1361 δὲ
369 1287 435 1378 μέγ’
457 1287 603 1378 ὀχθήσας
622 1298 772 1377 προσέφη
790 1297 1032 1379 νεφεληγερέτα
1050 1293 1140 1372 Ζεύς

179 1398 367 1479 ,δαιμονίη
387 1399 419 1460 τί
436 1383 479 1459 νύ
499 1412 536 1458 σε
554 1396 704 1477 Πρίαμος
722 1391 888 1478 Πριάμοιό
907 1417 942 1458 τε
961 1397 1080 1472 παῖδες
1103 1407 1136 1460 31

180 1492 282 1560 τόσσα
300 1491 385 1560 κακά
406 1493 565 1576 ῥέζουσιν,
586 1486 630 1556 ὅτ’
651 1487 809 1577 ἀσπερχὲς
828 1496 1011 1576 μενεαίνεις

176 1589 274 1658 ’[λίου
292 1589 488 1670 ἐξαλαπάξαι
507 1592 698 1674 ἐϋκτίμενον
717 1593 935 1678 πτολίεθρονς

179 1693 210 1756 εί
228 1691 263 1756 δέ
283 1685 353 1773 σύγ’
376 1693 574 1756 εἰσελθοῦσα
593 1686 699 1766 πύλας
718 1691 772 1756 καὶ
790 1693 896 1774 τείχεα
915 1686 1028 1776 μακρὰ
1135 1741 1142 1750 .

181 1783 273 1871 ὠμὸν
292 1784 478 1872 βεβρώθοις
497 1793 649 1871 Πρίαμον
667 1787 832 1874 Πριάμοιό
852 1813 887 1855 τε
906 1793 1028 1869 παῖδας
1103 1805 1140 1859 35

179 1885 301 1963 ἀλλους
319 1909 353 1952 τε
375 1891 500 1970 Τρῶας,
519 1884 593 1952 τότε
611 1911 671 1954 κεν
688 1885 789 1972 χόλον
805 1891 988 1975 ἐξακέσαιο.

179 1989 275 2066 ἔρξον
294 1981 383 2062 ὅπως
401 1987 538 2064 ἐθέλεις·
559 1981 603 2072 μὴ
622 1985 722 2054 τοῦτό
739 2011 778 2072 γε
797 2001 907 2066 νεῖκος
925 1985 1055 2056 ὀπίσσω

182 2082 235 2149 σοί
253 2083 308 2150 καὶ
327 2082 397 2168 ἐμοὶ
415 2079 482 2168 μέγ’
504 2085 620 2170 έρισμα
639 2081 702 2170 μετ’
725 2082 941 2172 ἀμφοτέροισι
959 2092 1109 2175 γένηται.

180 2178 261 2246 ἀλλο
282 2181 320 2246 δέ
336 2205 386 2247 τοι
405 2184 495 2266 ἐρέω,
516 2179 611 2248 οὐδ’
632 2184 679 2250 ἐνὶ
699 2185 797 2269 φρεσὶ
815 2184 936 2272 βάλλεο
957 2195 1076 2278 σῇσιν

180 2274 304 2346 ὁππότε
323 2303 383 2345 κεν
400 2280 456 2346 καὶ
474 2277 538 2364 ἐγω
558 2280 690 2367 μεμαώς
708 2283 807 2352 πόλιν
825 2287 1025 2368 ἐξαλαπάξαι
1103 2305 1139 2358 40

181 2373 242 2460 τὴν
261 2377 365 2442 ἐθέλω
396 2374 455 2442 ὅθι
473 2401 523 2444 τοι
542 2385 633 2464 φίλοι
651 2378 768 2467 ἀνέρες
785 2384 993 2473 ἐγγεγάασιν,

179 2472 256 2558 μήτε
275 2475 454 2558 διατρίβειν
471 2474 530 2544 τὸν
548 2475 629 2562 ἐμὸν
646 2480 757 2564 χόλον,
777 2479 862 2550 ἀλλά
881 2481 910 2570 μ’
933 2488 1039 2554 ἐάσαι.
1116 2473 1123 2484 ’

179 2571 234 2638 καὶ
253 2567 315 2654 γάρ
335 2569 397 2654 ἐγὼ
418 2573 472 2640 σοὶ
490 2578 579 2642 δῶκα
598 2575 684 2645 έκύν
703 2577 837 2648 ἀέκοντί
852 2607 888 2666 γε
907 2591 1023 2673 θυμῷ.

179 2673 215 2734 αἳ
231 2665 295 2752 γάρ
313 2663 367 2735 ὑπ’
388 2666 485 2760 ἠελίω
504 2699 538 2740 τε
557 2676 611 2742 καλ
631 2673 766 2766 οὐρανῷ
784 2675 975 2768 ἀστερόεντι

178 2764 367 2833 ναιετάουσι
386 2767 504 2856 πόληες
520 2773 720 2859 ἐπιχθονίων
736 2775 940 2865 ἀνθρώπων,
1103 2801 1138 2855 45

178 2863 269 2929 τάων
287 2889 343 2948 μοι
362 2869 434 2953 πέρι
453 2875 529 2955 κῆρι
547 2873 690 2941 τιέσκετο
701 2874 803 2955 ’Ίλιος
821 2876 876 2964 ἱρὴ

179 2962 234 3028 καὶ
251 2967 400 3047 Πρίαμος
417 2970 470 3032 καί
489 2965 568 3048 λαός
586 2974 747 3057 ε’ὕμμελίω
767 2975 943 3062 Πριάμοιο.

180 3055 221 3123 οὐ
239 3058 303 3144 γάρ
322 3065 379 3144 μοί
396 3085 472 3130 ποτε
492 3064 603 3151 βωμὸς
621 3069 751 3140 ἐδεύετο
771 3071 882 3154 δαιτὸς
900 3077 1001 3164 ἐίσης,
1217 3139 1218 3168 ,

179 3162 292 3242 λοιβῆς
310 3183 345 3224 τε
364 3165 477 3248 κνίσης
494 3189 543 3232 τε·
564 3165 601 3234 τὸ
620 3165 685 3255 γάρ
704 3171 848 3257 λάχομεν
866 3177 965 3261 γέρας
983 3175 1116 3265 ἡμεῖς.“

223 3250 291 3320 Τδν
310 3253 339 3323 δ’
360 3256 498 3346 ἠμείβετ’
518 3267 628 3334 ἔπειτα
647 3275 772 3356 βοωπις
791 3270 910 3341 πότνια
921 3273 1010 3364 Ἥρη
1101 3297 1135 3348 σε,
1217 3301 1218 3372 η

178 3349 274 3469 ,μβτοι
292 3355 361 3439 ἐμοὶ
379 3371 465 3440 τρεῖς
483 3363 544 3446 μὲν
562 3363 648 3434 πολύ
668 3374 822 3454 φίλταταί
838 3375 900 3440 είσι
919 3373 1056 3464 πόληες,
1217 3393 1218 3462 η

184 3457 289 3534 Λίνος
305 3479 340 3520 τε
358 3455 496 3545 Σπάρτη
514 3486 550 3528 τε
568 3467 622 3534 καὶ
641 3467 825 3554 εὐρυάγυια
847 3471 1015 3560 Μυκήνη·
