2492 3920
427 265 650 326 ΙΛΙΑΔΟΣ
667 269 687 326 1.

76 431 243 514 χρυσείοις
256 423 367 512 ἥλοισι
382 427 606 513 πεπαρμένον,
624 425 711 508 ἕζετο
729 425 763 495 θ’
779 424 895 509 αάτός·

78 529 239 612 Ατρείθης
256 522 290 592 θ’
307 523 472 610 ἑτέρωθεν
488 524 610 610 ἐμήνιε.
644 537 730 594 τοίσι
746 525 781 594 θλ
796 527 935 611 Νέστωρ

77 621 224 712 ἡδυεπὴς
241 620 418 708 ἀνόρουσε,
435 618 531 708 λιγύς
544 627 684 690 Πυλίων
698 621 872 714 ἀγορητὴς,

77 729 135 792 τοῦ
151 723 209 790 καὶ
226 717 294 790 ἀπὸ
310 719 461 807 γλιόσσης
477 722 607 808 μέλιτος
620 728 771 808 γλυκίων
785 726 861 812 ρέεν
877 721 963 812 αύίή
1048 719 1054 724 ’

76 827 119 913 τῷ
136 819 170 888 θ’
187 818 254 906 ἤθη
271 818 334 888 θύο
350 820 412 905 μὲν
426 821 539 905 γενεαί
553 820 712 906 μερόπων
728 819 923 912 ἀνθρόπων
986 837 1037 892 θοθ

77 917 229 1006 ἐφθίαθ’,
247 921 282 986 οί
294 921 330 986 οί
342 917 497 1003 πρόσθεν
512 916 581 1006 ἀμα
596 919 726 1007 τράφεν
739 919 794 1008 ἦθ’
811 924 965 1010 ἐγένοντο

77 1023 111 1087 ἐν
125 1015 236 1106 Πύλχο
251 1013 393 1106 ἠγαθέη,
410 1013 491 1104 μετά
508 1015 544 1086 όέ
559 1017 761 1106 τριτάτοισιν
776 1019 925 1090 ἀνασσεν
939 1059 958 1072 -

77 1115 96 1186 ὅ
111 1139 197 1204 σφιν
213 1119 410 1202 ἐϋφρονέων
425 1114 615 1204 ἀγορήσατο
631 1119 686 1188 καὶ
700 1125 870 1206 μετέειπεν

137 1210 201 1304 ,,Ὦ
219 1214 334 1302 πόποι,
350 1207 372 1303 ἦ
387 1219 470 1302 μέγα
486 1217 613 1297 πένθος
627 1215 770 1304 Ἀχαιίδα
785 1233 885 1306 γαῖαν
901 1218 1015 1288 ίκάνεα

79 1308 101 1403 η’
117 1341 181 1384 κεν
194 1313 346 1401 γηθήσαι
359 1322 510 1403 Πρίαμος
524 1315 690 1404 Πριάμοιό
707 1343 742 1386 τε
758 1323 882 1404 παῖδες,
986 1333 1038 1389 25⁵

78 1413 173 1483 ἄλλοι
188 1439 225 1480 τε
245 1419 356 1500 Τρῶες
371 1417 454 1501 μέγα
469 1439 530 1484 κεν
545 1422 738 1503 κεχαροίατο
753 1425 865 1509 θυμῷ,

79 1519 108 1582 εί
122 1519 238 1599 σφῶιν
252 1512 331 1581 τάδε
347 1513 455 1582 πάντα
472 1519 638 1584 πυθοίατο
655 1517 906 1603 μαρναμένοαν,

79 1621 111 1681 οἳ
124 1612 203 1699 περὶ
219 1611 283 1698 μὲν
298 1609 427 1699 βουλίην
442 1619 600 1699 Δαναῶν,
619 1617 695 1700 περὶ
713 1613 745 1682 θ’
762 1615 834 1684 ἐστὲ
849 1614 1024 1702 μάχεσθαι.

80 1707 161 1780 ἀλλά
180 1708 333 1779 πίθεσθ’·
350 1707 452 1797 ἄμφω
469 1716 505 1780 θλ
521 1715 671 1798 νεωτέρω
687 1713 787 1782 ἐστόν
802 1715 898 1800 ἐμεῖο.

82 1811 140 1902 ἤδη
157 1808 224 1896 γάρ
241 1807 319 1878 ποτ’·
329 1806 391 1894 ἐγά
409 1811 465 1879 καί
481 1809 630 1899 ἀρείοσιν
645 1808 747 1897 ἠέπερ
763 1807 844 1897 ὑμῖν
988 1825 1040 1880 νῦν

82 1907 246 1995 ἀνδράσιν
263 1903 421 1994 ὡμίλησα,
438 1910 494 1976 κοιλ
512 1907 637 1976 οὔποτέ
651 1905 682 1994 μ’
700 1906 762 1993 σύγ’
780 1905 944 1996 ἀθέριζον.

83 2006 121 2075 ού
134 2005 201 2093 γάρ
217 2027 271 2072 πω
287 2011 398 2084 τοίους
414 2009 489 2074 ίθον
506 1999 628 2089 ἀνέρας
643 2004 722 2074 ούθλ
737 2010 866 2094 ίθωμαι,
943 2053 950 2064 ·

82 2101 153 2174 οἷον
169 2103 356 2192 Πειρίθοόν
372 2130 407 2174 τε
422 2103 585 2191 Δρύαντά
602 2129 647 2191 τε,
665 2104 806 2191 ποιμένα
821 2112 923 2188 λαοίν,

82 2206 207 2273 Καινέα
223 2201 249 2272 ’τ’
274 2201 425 2284 Ἐξάδιόν
441 2205 547 2272 τεκαὶ
563 2202 722 2273 ἀντίθεον
737 2203 949 2291 Πολύφημον

83 2305 206 2391 [Θησέα
222 2298 247 2369 τ’
262 2306 433 2390 Αἰγείδην,
450 2305 635 2372 ἐπιείκελον
651 2299 893 2389 ἀθανάτοισιν].
990 2317 1042 2372 265

83 2403 253 2490 κάρτιστοι
270 2399 311 2490 δὴ
328 2416 433 2472 κείνοι
449 2407 651 2490 ἐπιχθονίων
667 2402 797 2491 τράφεν
813 2400 963 2486 ἀνδρῶν·

84 2504 252 2592 κάρτιστοι
266 2503 329 2590 μὲν
343 2507 424 2572 ἐσαν
439 2504 495 2572 καὶ
510 2508 697 2587 καρτίστοις
712 2502 884 2590 ἐμάχοντο,

84 2603 208 2690 φηρσὶν
225 2598 432 2694 ὀρεσκῴοισι,
448 2603 503 2671 καὶ
520 2601 692 2688 ἐκπάγλως
708 2600 908 2672 ἀπόλεσσαν.

85 2703 139 2771 καὶ
155 2701 217 2788 μὲν
236 2713 340 2770 τοίσιν
356 2698 420 2787 ἐγά
436 2707 640 2788 μεθομίλεον
655 2702 692 2768 ἐκ
707 2698 827 2772 Πύλον
842 2697 963 2783 ἐλθόν,

84 2799 229 2888 τηλόθεν
244 2802 277 2880 ἐξ
292 2795 391 2886 ἀπίης
406 2805 517 2888 γαίης·
535 2802 715 2868 καλέσαντο
731 2798 796 2886 γὰρ
811 2795 920 2867 αύτοί·
990 2811 1042 2868 υίο

85 2901 138 2968 καὶ
155 2895 307 2986 μαχόμην
322 2896 391 2966 κατ’
407 2897 454 2986 ἔμ’
472 2896 576 2968 αὐτόν
592 2896 671 2986 ἐγό·
689 2895 875 2968 κείνοισι.θ’
892 2893 936 2966 ἀν
952 2895 1043 2976 οὔτις

87 3008 152 3069 των
168 3007 201 3068 οἳ
214 3006 280 3067 νῦν
296 3005 414 3087 βροτοί
427 3005 510 3068 είσιν
527 2999 714 3086 ἐπιχθόνιοι
728 3000 889 3086 μαχέοιτο.

88 3103 141 3169 καὶ
156 3100 220 3188 μέν
235 3126 300 3188 μεν
316 3101 468 3187 βουλέων
484 3097 597 3180 ξύνιεν
611 3097 772 3170 πείθοντό
787 3121 822 3165 τε
837 3095 947 3186 μύθῳ.

88 3197 169 3268 ἀλλά
184 3207 330 3269 πίθεσθε
346 3202 403 3270 καί
416 3200 532 3289 ὔμμες,
549 3201 619 3269 ἐπεὶ
635 3204 816 3268 πείθεσθαι
832 3194 980 3282 ἀμεινον.

88 3299 166 3386 μήτε
178 3295 340 3384 σύτόνθ’,
356 3296 488 3386 ἀγαθός
497 3323 560 3386 περ
573 3297 648 3383 ἐνέν,
666 3295 824 3382 ἀποαίρεο
837 3293 976 3384 κούρην,
992 3307 1044 3367 θίο

88 3394 156 3468 ἀλλ’
170 3403 218 3486 ἐα,
237 3397 283 3480 ἀς
298 3401 331 3468 οί
345 3407 460 3487 προῖτα
476 3398 582 3468 θόσαν
597 3400 698 3486 γέρας
714 3389 783 3473 υἷες
796 3392 948 3479 Ἀχαιῶν·

90 3513 167 3586 μητε
182 3498 237 3587 σά,
251 3503 410 3587 Πηλείδη,
426 3497 498 3569 θέλ
515 3500 696 3586 ἐριζέμεναι
710 3497 844 3584 βασιλῆϊ
