2406 3920
206 241 269 305 294
399 329 404 339 ἱ
545 243 765 302 ΙΛΙΑΔΟΣ
786 243 821 302 Ο.

207 402 447 490 θυγατέρεσσιν
463 402 528 490 γάρ
544 428 579 471 τε
598 404 652 471 καὶ
669 399 761 469 υίάσι
777 405 934 490 βέλτερον
951 409 1000 490 εἰη

206 501 383 590 ἐκπάγλοις
400 504 551 572 ἐπέεσσιν
564 505 745 588 ἐνισσέμεν,
764 497 824 580 οὑς
841 503 936 570 τέκεν
953 497 1066 587 αὐτὸς,

206 604 336 671 οἰόθεν
353 600 553 689 ὀτρύνοντος
570 599 771 669 ἀκούσονται
786 599 842 667 καὶ
859 596 1022 687 ἀνάγκη.“

250 700 319 796 Τὸν
337 701 369 772 δ’
387 699 526 790 ἠμείβετ’
544 707 655 770 ἔπειτα
671 697 859 786 ποδήνεμος
875 695 961 766 ὠκέα
973 689 1052 781 Ἰρις
1109 711 1154 764 εον

206 799 317 890 ,οὕτω
335 799 399 888 γάρ
418 800 459 888 δή
476 827 538 887 τοι,
555 800 688 887 γαιήοχε
705 809 915 884 κυανοχαῖτα,

206 900 305 970 τόνδε
320 902 411 986 φέρω
429 900 487 968 Διὶ
504 907 617 986 μῦθον
634 895 761 984 ἀπηνέα
776 923 812 965 τε
829 899 992 985 κρατερόν
1007 922 1055 984 τε,

206 998 229 1086 ή
245 1025 277 1065 τι
292 1000 540 1084 μεταστρέψειςς
559 998 712 1086 στρεπταὶ
728 1001 790 1083 μέν
806 1022 841 1065 τε
859 998 978 1084 φρένες
993 999 1134 1065 ἐσθλῶν.

206 1093 291 1165 οἶσθ’
311 1093 355 1176 εὶς
369 1099 641 1184 πρεσβυτέροισιν
655 1095 799 1181 Ἐρινύες
817 1096 889 1165 αἰὲν
904 1096 1074 1164 ἓπονται.“

249 1195 321 1284 Τήν
338 1195 370 1264 δ’
387 1189 466 1265 αὑτε
482 1199 657 1283 προσέειπε
673 1195 868 1264 Ποσειδάων
884 1197 1070 1281 ἐνοσίχθων
1106 1208 1151 1262 205

205 1286 283 1384 ,,’ἰρι
297 1292 373 1383 θεοὶ,
392 1295 481 1382 μα’λα
496 1304 594 1365 τοῦτο
613 1300 691 1375 έπος
706 1293 789 1364 κατά
806 1308 928 1382 μοῖραν
943 1300 1061 1376 έειπες·

206 1391 331 1464 ἐσθλόν
346 1396 401 1464 καὶ
416 1393 453 1463 τὸ
471 1399 632 1482 τέτυκται,
650 1391 693 1462 ὅτ’
714 1393 852 1479 ἀγγελος
867 1403 982 1482 αἰσιμα
999 1398 1080 1481 εἰδῇ.

206 1491 289 1563 ἀλλά
306 1491 377 1562 τόδ’
397 1491 495 1562 αἰνόν
511 1493 589 1580 ἀχος
605 1498 746 1581 κραδίην
764 1497 820 1562 καὶ
835 1490 951 1579 θυμόν
967 1493 1086 1581 ἰκάνει,

206 1587 321 1662 ὁππότ’
339 1587 383 1659 ἀν
401 1591 561 1679 ἰσόμορον
576 1593 631 1661 καὶ
648 1589 713 1681 ὁμή
730 1594 949 1677 πεπρωμένον
967 1602 1044 1680 αἰση

206 1695 357 1758 νεικείειν
373 1693 507 1778 έθέλγσι
523 1698 715 1776 χολωτοῖσιν
731 1693 890 1759 ἐπέεσσιν.
1102 1707 1147 1758 κισ

206 1785 274 1856 ἀλλ’
293 1787 367 1876 ήτοι
382 1797 448 1856 νῦν
463 1793 525 1875 μέν
540 1815 578 1858 κε
593 1790 808 1876 νεμεσσηθεὶς
824 1785 983 1868 ὑποείξω·

206 1886 287 1956 ἀλλο
305 1892 343 1956 δέ
356 1913 407 1956 τοι
423 1890 515 1974 ἐρέω,
533 1889 588 1957 καὶ
604 1887 770 1976 ἀπειλήσω
786 1887 864 1974 τόγε
880 1893 981 1976 θυμῷ
990 1913 997 1926 ·

205 1994 243 2054 αἰ
255 2011 315 2054 κεν
331 1983 422 2052 ἀνευ
432 1989 551 2072 ἐμέθεν
567 1989 623 2055 καὶ
639 1982 817 2074 Ἀθηναίης
833 1983 993 2073 ἀγελείης,
1193 2031 1194 2075 χ

199 2085 301 2170 Ἥρης
311 2079 448 2170 Ἑρμείω
466 2110 501 2153 τε
517 2087 573 2153 καὶ
583 2081 776 2171 Ἡφαίστοιο
793 2110 946 2172 ανακτος,

200 2177 297 2249 Ἰλίου
314 2186 463 2269 αἰπεινῆς
478 2181 701 2270 πεφιδήσεται,
720 2180 796 2252 οὐδ’
813 2182 967 2271 ἐθελήσει
1096 2169 1193 2254 215

204 2280 371 2365 ἐκπέρσαι,
390 2283 509 2348 δοῦναι
526 2281 562 2350 δέ
577 2285 661 2368 μέγα
676 2282 799 2368 κρότος
818 2277 1022 2369 Ἀργείοισιν,
1191 2303 1192 2345 ι

203 2385 282 2444 ἰστω
300 2374 445 2463 τοὺθΜ,
425 2404 476 2448 οτι
492 2388 575 2448 νεὸἰν
591 2378 773 2467 ἀνήκεστος
789 2379 887 2466 χόλος
903 2385 1029 2448 έσται.“

247 2470 307 2556 Ὣς
324 2474 427 2545 εἰπεὶν
443 2483 516 2546 λίπε
532 2476 616 2548 λαόν
632 2475 797 2565 Ἀχαιικόν
813 2482 1029 2565 ἐννοσίγαιος,
1189 2567 1190 2570 ¹

203 2577 284 2642 δῠνε
301 2576 336 2643 δέ
353 2575 480 2644 πόντον
497 2573 568 2660 ἰσὶν,
586 2577 740 2646 πόθεσαν
756 2575 788 2646 δ’
806 2575 914 2665 ἥρωες
932 2576 1062 2666 Ἀχαιοί.
1189 2583 1190 2617 ¹

202 2673 311 2742 καὶ’
272 2671 335 2741 τοτ’
358 2672 546 2744 Ἀπόλλωνα
563 2681 713 2764 προσέφη
730 2682 971 2800 νεφεληγερέτα
987 2679 1072 2759 Ζεός
1095 2695 1138 2748 2νο
1188 2719 1189 2753 ι

241 2771 370 2858 ,ζἘρχεο
387 2779 463 2858 νῦν,
482 2781 557 2860 φίλε
575 2783 685 2864 Φοῖβε,
704 2787 771 2882 μεθ
769 2775 929 2865 ’Ἕκτορα
944 2788 1188 2889 χαλκοκορν

687 2858 783 2963 στήν

199 2967 261 3056 ἤδη
280 2972 341 3055 μὲν
356 2969 419 3058 γάρ
436 2997 487 3039 τοι
500 2972 653 3058 γαιήοχος
670 2977 875 3062 ἐννοσίγαιος
1186 2975 1187 3025 ὶ

199 3074 320 3153 οὶχεται
337 3075 382 3148 εἰς
398 3069 462 3138 ἀλα
480 3076 565 3159 δίαν,
583 3070 787 3160 ἀλευάμενος
802 3075 904 3197 χόλον
920 3075 1026 3158 αἰπὺν
1185 3101 1186 3161 γ

196 3160 368 3251 ἡμέτερον·
387 3168 475 3254 μάλα
493 3171 612 3256 γόρκε
628 3172 732 3260 μάλης
753 3173 924 3244 ἐπύθοντο
940 3177 997 3244 καὶ
1014 3173 1185 3297 ἄλλοι,
1184 3237 1185 3240 ,

197 3265 289 3348 οἵπερ
308 3266 475 3385 ἐνέρτεροί
489 3274 551 3336 εἰσι
567 3271 806 3356 θεοὶ,1ίρόνον
822 3271 925 3361 ἀμφὶς
941 3276 1060 3354 ἐόντες.
1090 3245 1185 3340 λεί

196 3354 279 3424 ἀλλά
296 3358 369 3429 τόδ’
385 3361 469 3450 ήμὲν
485 3367 556 3452 ἐμοὶ
572 3367 658 3437 πολὺ
675 3375 810 3456 κέρδιον
826 3371 938 3461 ήδε
904 3401 936 3443 οι
953 3373 1044 3464 αὑτῷ
1183 3347 1184 3433 ὶ

196 3457 358 3541 ἔτλετο,”
340 3485 408 3527 οττι
424 3463 568 3547 πάροιθε
584 3474 800 3556 νεμεσσηθεὶς
816 3468 973 3552 ὑπόειξεν
