2470 3926
441 271 661 330 ΙΛΙΑΔΟΣ
676 273 773 330 XXIII.
1028 267 1091 335 475

172 426 335 515 ,,Είδόσιν
350 426 426 515 ὔμμ’
445 431 526 514 έρέω
543 437 655 516 πᾶσιν,
672 435 774 517 φίλοι,
793 428 837 512 ὡς
852 438 899 500 ἔτι
913 433 970 502 καὶ
985 439 1051 501 νῦν

129 525 297 596 ἀθάνατοι
311 534 429 614 τιμῶσι
445 533 683 616 παλαιοτέρους
697 527 910 616 ἀνθρώπους.

129 637 214 706 Αίας
229 629 291 714 μὲν
307 625 371 714 γάρ
388 625 466 714 ἔμεί
483 626 599 715 ὀλίγον
615 620 871 715 προγενέστερός
886 635 984 718 ἔστιν,

129 719 228 806 οὗτος
244 729 279 796 δὲ
295 731 456 814 προτέρης
465 737 581 814 γενεῆς
593 733 764 817 προτέρων
774 727 798 797 τ’
812 729 1021 814 ἀνθρώπων·
1039 745 1090 801 790

130 823 341 912 ὠμογέροντα
357 828 396 893 δέ
408 832 465 912 μίν
481 824 562 913 φασ’
581 832 718 914 ἔμμεναι
725 851 734 868 ··
748 826 912 914 ἀργαλέον
929 829 964 898 δὲ

128 925 249 992 ποσσὶν
265 923 482 1010 ἐριδήσασθαι
495 924 642 1013 Ἀχαιοῖς,
661 933 692 996 εί
705 929 748 1014 μή
763 924 932 1014 'Amnem‘

162 1017 227 1101 Ὣς
246 1024 342 1109 φάτο,
363 1024 510 1110 κύδηνεν
529 1026 565 1094 δὲ
584 1025 735 1094 ποδώκεα
753 1034 937 1114 Πηλείωνα.

127 1118 189 1189 τὸν
209 1119 240 1189 δ’
257 1119 403 1208 ’Λχιλεύς
421 1125 583 1210 μύθοισιν
603 1123 820 1213 ἀμειβόμενος
839 1110 1037 1213 προσέειπεν

170 1217 356 1308 ,,Ἀντίλοχ’,
378 1221 420 1290 ού
439 1227 500 1310 μέν
517 1251 570 1292 τοι
588 1228 701 1310 μέλεος
720 1225 885 1311 εἰρήσεται
903 1223 1004 1309 αίνος,
1038 1236 1089 1292 795

127 1315 213 1386 ἀλλά
232 1346 283 1387 τοι
301 1319 524 1408 ἡμιτάλαντον
542 1319 606 1408 ἔγά
624 1323 751 1408 χρυσοῦ
771 1322 954 1408 έπιθήσω.“

161 1413 222 1498 Ὣς
242 1418 345 1487 είπάυ
364 1425 400 1488 ἐν
418 1425 509 1508 χερσί
527 1428 625 1508 τίθει,
646 1419 663 1488 ὁ
685 1419 718 1488 δ’
738 1425 866 1502 ἐδέξατο
884 1425 1018 1504 χαίρων.

127 1515 234 1602 αύτάρ
254 1523 417 1606 Πηλείδης
435 1518 518 1588 κατά
537 1521 597 1606 μὲν
616 1519 825 1606 δολιχόσκιον
844 1523 936 1604 ἔγχος

128 1615 206 1704 θῆκ’
226 1621 258 1697 ές
277 1616 391 1703 ἀγῶνα
416 1623 548 1706 φέρων,
574 1617 656 1686 κατά
678 1617 709 1686 δ’
730 1617 854 1686 ἀσπίδα
878 1618 934 1684 καὶ
957 1616 1088 1702 τρυφά-

605 1727 717 1805 -λειαν,

128 1805 244 1900 τεύχεα
263 1815 507 1904 Σαρπήδοντος,
528 1817 551 1884 ἀ
569 1845 627 1904 μιν
645 1817 840 1902 Πάτροκλος
859 1813 1003 1902 ἀπηύρα.
1034 1829 1088 1884 800

127 1922 191 2000 στῆ
211 1912 242 1981 δ’
264 1913 369 2002 ὀρθός
387 1919 442 1984 καὶ
461 1924 575 2002 μῦθον
593 1919 630 1984 ἐν
646 1913 838 2001 ’Λργείοισιν
858 1920 966 1982 ἔειπεν

172 2013 309 2100 ,ζἈνδρε
329 2013 400 2081 δύω
419 2018 494 2099 περὶ
512 2019 618 2082 τοῖνδε
633 2013 824 2100 κελεύομεν,
843 2011 933 2096 άπερ
952 2011 1085 2097 ἀρίστω,

126 2112 245 2198 τεύχεα
264 2115 443 2201 ἑσσαμένω,
463 2121 659 2201 ταμεσίχροα
677 2110 802 2200 χαλκόν
821 2110 943 2196 ἑλόντε,

127 2209 283 2298 ἀλλήλων
301 2213 533 2301 προπάροιθεν
551 2211 670 2298 ὁμίλου
689 2218 897 2297 πειρηθῆναι,

53 2351 57 2356 -
127 2307 314 2396 ὁππότερός
331 2339 369 2380 κε
389 2319 518 2401 φθήσιν
537 2311 734 2398 ὀρεξάμενος
751 2309 835 2396 χρόα
854 2307 970 2393 καλὸν,
1035 2321 1088 2377 805

126 2409 243 2497 φαύση
263 2409 295 2477 δ’
315 2413 456 2478 ἐνδίνων
475 2411 529 2478 διά
547 2409 572 2478 τ’
594 2417 688 2479 ἔντεα
706 2411 762 2478 καὶ
780 2412 883 2496 μέλαν
902 2403 991 2494 αἱμα,

126 2515 175 2596 τῷ
193 2509 256 2594 μὲν
274 2507 338 2594 έγά
359 2509 456 2578 δύσω
475 2509 551 2577 τόδε
570 2508 745 2596 φάσγανον
764 2505 987 2593 ἀργυρόηλον,

126 2605 233 2674 καλὸν
265 2613 435 2694 θρηΐκιον,
455 2609 492 2675 τό
511 2609 574 2694 μὲν
590 2606 821 2692 Ἀστεροπαίου
839 2605 1017 2693 ἀπηύρων·

126 2704 244 2790 τεύχεα
263 2703 296 2772 δ’
316 2703 499 2792 ἀμφότεροι
517 2707 635 2794 ξυνήϊα
653 2715 756 2774 ταῦτα
776 2709 969 2792 φερέσθων·
1033 2717 1086 2772 809

126 2809 198 2886 [καί
213 2823 295 2890 σφιν
314 2803 394 2873 δαῖτ’
414 2803 549 2894 ἀγαθήν
568 2806 808 2893 παραθήσομεν
823 2807 861 2872 έν
877 2807 1088 2891 κλισίησιν.]“

160 2897 226 2980 Ὣς
245 2901 347 2990 ἔφατ’,
367 2897 453 2988 άρτο
471 2905 503 2972 δ’
522 2913 632 2975 ἔπειτα
651 2912 751 2993 μέγας
769 2903 978 2990 Τελαμώνιος
997 2910 1087 2986 Δίας,

125 2993 171 3067 ἀν
190 3000 222 3067 δ’
243 2999 308 3085 ἀρα
330 3007 489 3090 Τυδείδης
508 2997 604 3090 ὦρτο,
624 3001 783 3091 κρατερὰς
801 3001 982 3090 Διομήδης.

125 3100 162 3166 οἱ
179 3096 211 3166 δ’
233 3103 302 3168 ἐπεὶ
321 3093 385 3170 σύν
404 3105 583 3189 ἑκάτερθεν
602 3101 721 3190 ὁμίλου
739 3103 978 3190 θωρήχθησαν,

125 3199 162 3276 ἐς
179 3202 282 3283 μέσον
301 3199 476 3289 ἀμφοτέρω
496 3209 635 3290 συνίτην
652 3209 802 3290 μεμαῶτε
821 3203 998 3290 μάχεσθαι,
1036 3216 1087 3271 814

125 3295 243 3366 δεινόν
262 3303 465 3386 δερκομένω·
486 3301 618 3390 θάμβος
637 3301 668 3370 δ’
689 3307 741 3388 ἔχε
760 3302 885 3380 πάντας
901 3300 1058 3387 Ἀχαιούς.

126 3394 198 3465 ἀλλ’
219 3395 275 3466 ὅτε
293 3399 333 3486 δή
354 3402 473 3486 σχεδὸν
492 3395 579 3488 ήσαν
598 3399 644 3471 ἔπ’
664 3400 856 3488 ἀλλήλοισιν
875 3399 990 3486 ίόντες,

126 3495 197 3578 τρὶς
215 3497 277 3580 μέν
296 3499 441 3585 ἐπήϊξαν,
461 3504 531 3582 τρὶς
550 3504 586 3571 δὲ
606 3502 724 3584 σχεδόν
744 3497 958 3588 ὁρμήθησαν.
