2442 3922
418 273 636 334 ΙΛΙΑΔΟΣ
655 277 689 332 V.

83 425 182 518 δήονν
199 431 354 520 άλλήλοιν
370 429 454 519 ἀμφὶ
471 433 631 520 στήθεσσι
647 439 758 522 βοείας

82 537 214 614 ἀσπίδας
231 533 416 614 εὐκύκλους
433 533 567 622 λαισήιά
582 559 618 601 τε
634 533 823 618 πτερόεντα.

83 633 117 722 δή
134 635 206 702 τότε
224 639 355 720 θοῦρον
368 633 474 720 Ἀρηα
490 632 665 721 προσηύδα
683 638 806 720 Φοῖβος
821 627 987 703 Ἁπόλλων

122 725 229 820 Δ,Ἀρες
245 733 342 820 ’Ἆρες
363 733 570 819 βροτολοιγὲ,
592 731 765 819 μιαιφόνε,
788 737 1023 820 τειχεσιπλῆτα,

82 830 135 900 οὐκ
152 829 196 900 άν
213 831 254 919 δή
271 829 363 902 τόνδ’
381 830 488 918 ἄνδρα
505 831 608 918 μάχης
624 831 760 916 ἐρύσαιο
779 828 960 918 μετελθών,
973 847 1024 902 4⁶6

82 937 247 1019 Τυδείδην,
267 929 303 1011 ὃς
319 940 384 999 νῦν
401 957 438 1018 γε
455 933 510 1000 καὶ
528 927 572 999 άν
588 933 645 1000 Διί
663 934 760 1018 πατρί
777 931 928 1016 μάχοιτος

80 1035 228 1120 Κύπριδα
244 1033 306 1118 μὲν
322 1039 437 1118 πρῶτα
454 1027 573 1117 σχεδόν
592 1030 711 1098 οὔτασε
728 1029 804 1116 χεῖρ’
823 1029 875 1098 ἐπὶ
892 1037 1020 1119 καρπῷ,

79 1130 176 1217 αύτδρ
195 1130 293 1200 ἔπειτ’
312 1128 402 1221 αύτῷ
418 1155 474 1218 μοι
491 1134 650 1199 ἐπέσσυτο
681 1135 812 1218 δαίμονι
828 1127 931 1208 ίσος.“

106 1229 164 1310 Ὣς
183 1229 288 1300 εἰπόν
304 1228 404 1310 αύτδς
420 1233 482 1317 μὲν
498 1234 627 1316 ἐφέζετο
642 1229 809 1318 Περγάμῳ
826 1227 923 1316 ίίκρη,
969 1245 1020 1298 τσο

81 1331 189 1421 Τρμάς
206 1332 242 1398 δὲ
259 1337 368 1416 στίχας
385 1323 484 1410 ούλος
495 1331 593 1418 Ἄρης
610 1329 739 1416 ύτρννε
755 1327 937 1418 μετελθών,

79 1432 239 1518 εἰδόμενος
252 1427 429 1516 Ἀκάμαντι
446 1438 520 1518 θοῷ
537 1428 674 1518 ἡγήτορι
693 1437 849 1519 Θρῃκῶν·

77 1533 161 1600 οίάσι
179 1531 215 1600 δὲ
231 1529 397 1616 Πριάμοιο
427 1530 654 1614 διοτρεφέεσσι
671 1533 807 1598 κέλευεν

115 1624 171 1719 ,Ὦ
188 1636 271 1711 νίεῖς
287 1629 464 1716 Πριάμοιο,
494 1633 684 1715 διοτρεφέος
699 1636 865 1716 βασιλῆος,

77 1737 105 1812 ίς
120 1738 151 1801 τί
167 1739 213 1800 ἔτι
229 1735 419 1798 κτείνεσθαι
435 1728 547 1796 ἐάσετε
566 1727 649 1798 λαόν
662 1727 814 1815 Ἀχαιοῖςτ
969 1743 1018 1798 4⁶⁵

75 1828 92 1918 ἢ
107 1831 235 1902 εἰσόκεν
252 1829 337 1916 ἀμφὶ
352 1828 460 1916 πύλῃς
476 1825 668 1917 εύποιητήσι
686 1829 871 1915 μάχωνται,

75 1944 169 1998 κεῖται
186 1927 273 2017 άνήρ
291 1925 357 1996 ὅντ’
376 1925 451 1995 ἴσον
467 1924 734 2014 ίτίομενἛιιτορι
752 1935 821 2020 δίφ,

76 2035 209 2110 Αἰνείας,
227 2026 301 2106 νίός
319 2027 543 2114 μεγαλήτορος
557 2025 713 2114 Ἀγχίσαο.

72 2127 134 2197 ἄλλ’
151 2127 235 2215 ἄγετ’
253 2132 289 2196 ἐκ
309 2133 482 2215 φλοίσβοιο
500 2127 674 2214 σαάσομεν
690 2125 815 2197 ἐσθλόν
833 2133 996 2216 ἑταῖρον.“

104 2223 163 2307 Ὣς
179 2225 283 2296 είκών
297 2224 424 2312 άίτρννε
440 2231 539 2312 μένος
555 2228 610 2294 καὶ
626 2225 741 2312 θυμὸν
757 2225 907 2296 ἑκάστου.
968 2240 1018 2298 470

73 2325 135 2394 ἐνθ’
154 2319 197 2394 αὖ
215 2323 407 2410 Σαρπηδὼν
424 2324 513 2411 μάλα
530 2325 826 2414 νείκεσενἝκτορα
843 2332 915 2395 δῖον

112 2423 260 2512 ,ζἘκτορ,
279 2432 326 2510 τιή
345 2423 386 2510 δή
402 2451 453 2492 τοι
469 2429 568 2510 μένος
585 2435 722 2512 οίχεται,
741 2425 759 2494 δ
776 2429 855 2512 πρίν
871 2435 1016 2514 ἔχεσκεςς

72 2533 132 2612 φῆς
148 2550 214 2593 που
230 2523 310 2610 άτερ
327 2531 418 2592 λαιόν
435 2524 535 2593 πόλιν
551 2527 662 2612 ἑξέμεν
676 2524 732 2612 ἠδ’
750 2525 938 2612 ἐπικούρων

74 2623 144 2707 οἶος,
161 2622 226 2692 σύν
241 2629 419 2710 γαμβροῖσι
435 2623 664 2712 κασιγνήτοισί
678 2651 713 2692 τε
730 2640 846 2696 σοῖσιν,

73 2729 134 2796 τόν
149 2730 211 2790 νῦν
229 2721 331 2790 οὔτιν’
349 2720 413 2808 ey&
433 2727 533 2791 ίδέειν
548 2721 664 2810 δύναμ’
683 2723 762 2794 οὐδὲ
779 2735 907 2813 νοῆσαι,
964 2741 1015 2796 475

75 2819 149 2888 άλλίι
167 2821 452 2909 καταπτώσσουσι,
472 2823 571 2902 κύνες
589 2821 632 2902 ὡς
648 2822 733 2912 άμφί
750 2830 880 2893 λέοντα·

73 2918 155 3007 ἡμεῖς
172 2921 203 2988 δ’
222 2913 268 2988 αὖ
285 2921 477 3008 μαχόμεσθ’,
495 2927 589 3008 οἵπερ
607 2921 633 2989 τ’
653 2927 825 3008 ἐπίκουροι
842 2931 981 3012 ἔνειμεν.

72 3023 122 3088 καὶ
136 3020 197 3108 γίιρ
212 3018 301 3106 ἐγών
318 3025 493 3107 ἐπίκουρος
509 3020 576 3089 ἐοὶν
592 3022 679 3106 μάλα
698 3023 842 3108 τηλόθεν
858 3021 945 3110 ήκω·

73 3129 164 3204 τηλοῦ
181 3123 246 3206 γάρ
263 3129 382 3208 Λυκίη,
401 3122 525 3210 Ξάνθῳ
544 3127 598 3190 ἔτι
615 3123 769 3209 δινήεντι,

74 3219 136 3286 ἔνθ’
153 3220 275 3307 άλοχόν
292 3248 328 3288 τε
346 3228 448 3308 φίλην
465 3228 580 3290 ἔλιπον
597 3223 652 3290 καὶ
671 3219 791 3307 νήπιον
808 3219 894 3305 υίόν,
966 3233 1016 3288 48⁰

73 3318 131 3385 κὰδ
147 3324 181 3390 δὲ
198 3318 346 3408 κτήματα
361 3320 478 3406 πολλὰ,
497 3319 563 3388 τότ’
582 3325 709 3389 ἔλδεται
725 3319 763 3400 ός
779 3320 807 3388 κ’
826 3321 987 3406 ἐπιδευής.

73 3414 146 3486 άλλά
163 3423 217 3488 καὶ
237 3418 281 3501 οἳς
296 3427 444 3501 Λυκίους
461 3419 590 3507 ὀτρύνω
609 3421 664 3488 καί
681 3418 792 3506 μέμον’
811 3415 911 3498 αύτός

72 3514 156 3603 ἀνδρί
175 3522 399 3607 μαχήσασθαι·
417 3519 500 3603 ἀτάρ
518 3519 592 3588 ούτι
607 3546 664 3606 μοι
681 3517 803 3586 ἐνθάδε
820 3529 911 3584 τοῖον
