2492 3920
119 265 181 313 XIV
506 259 711 310 PRAEFATIO.

118 421 245 498 scripta,
265 439 347 478 nunc
369 413 431 476 ἐπεὶ
446 400 466 492 ἦ
482 416 573 477 scribi
592 417 684 489 solet,
708 415 766 474 etsi
786 433 860 474 vera
879 416 924 475 rei
945 417 1022 476 ratio
1038 421 1113 479 satis

120 504 281 562 manifesta
295 510 349 562 est.
377 502 552 561 Particulae
567 501 647 559 enirn
661 494 727 556 ἐπεί
733 507 845 578 poetae
859 501 939 578 epici
955 499 1051 560 tribus
1066 504 1113 562 usi

121 596 189 648 sunt
210 587 313 646 formis
331 594 419 664 prout
438 595 533 645 metro
559 582 744 644 commodum
767 592 861 658 esset,
884 583 1015 644 iambica
1040 579 1113 659 ἐπεί,

119 671 286 730 bacchiaca
310 662 426 744 ἐπειδή,
453 668 649 748 anapaestica
673 659 773 740 ἐπειήι
800 687 870 726 nam
891 666 994 730 media
1021 669 1112 745 hujus

120 755 235 814 formae
257 754 378 833 syllaba
397 773 546 833 nusquam
564 771 626 811 non
647 752 814 828 corripitur.
848 751 906 810 Est
927 760 1028 811 autem
1053 753 1114 814 hoc

119 831 203 911 ἐπειή
216 837 293 894 nihil
308 836 392 896 aliud
408 857 498 916 quarn
512 833 577 895 ἐπεί
588 855 655 894 cum
669 835 760 894 litera
775 854 795 909 η
809 837 1003 914 paragogica‚
1017 845 1052 896 ut
1064 836 1114 912 τίη

121 920 200 999 (sive
217 940 296 999 quse
310 921 416 981 Attica
432 941 499 982 esse
514 921 663 997 scriptura
676 918 866 997 perhibetur,
889 918 944 978 sed
958 920 1043 979 baud
1058 920 1113 980 du·

121 1006 170 1065 bie
186 1004 313 1065 Graecis
328 1006 393 1064 fere
408 1005 544 1065 omnibus
561 1005 724 1063 communis
741 1003 947 1080 pronuntiatio
963 1005 1029 1077 fuit,
1047 997 1111 1082 τιή)

120 1109 174 1168 pro
189 1086 220 1145 τί
233 1097 264 1146 ct
277 1079 343 1162 ὁτιή
356 1109 410 1167 pro
425 1079 472 1147 ότι
489 1088 664 1149 dictasunt.
708 1085 922 1147 Grammaticis
938 1108 1020 1162 vero,
1036 1109 1112 1167 quo-

120 1193 186 1232 rum
206 1173 361 1249 opiniones
383 1173 507 1252 collegit
532 1171 675 1231 Lehrsius
698 1171 730 1230 in
751 1169 931 1247 Quaestion.
953 1173 1060 1250 Epicis
1081 1195 1110 1253 p.

122 1255 161 1316 62
181 1275 282 1334 seqq.,
303 1255 380 1315 haec
401 1256 520 1315 divisim
529 1255 667 1315 scribere
692 1255 809 1332 placuit
828 1250 891 1312 ἐπεὶ
905 1237 935 1330 ἦ,
958 1256 989 1314 τί
1003 1247 1042 1330 ἤ,
1064 1247 1111 1316 ότι

120 1330 157 1414 ἥ,
177 1340 219 1397 ita
239 1322 306 1414 utri
328 1341 360 1398 in
381 1335 443 1398 ἐπεὶ
463 1323 484 1415 ἦ
506 1339 678 1416 conjunctio
692 1340 732 1399 sit
747 1332 986 1416 διοβεβοιιωτινιή.
1022 1340 1113 1416 Quod

122 1423 238 1482 duabus
253 1421 291 1482 de
305 1425 418 1484 caussis
431 1424 540 1484 falsum
553 1433 608 1482 est.
638 1423 718 1482 Nam
728 1442 828 1501 neque
839 1405 875 1497 ἦ,
890 1422 973 1501 quod
985 1424 1016 1482 in
1030 1426 1112 1502 prin·

122 1508 201 1584 cipio
216 1508 387 1566 sententiae
401 1510 535 1585 graviter
551 1507 728 1566 affirmantis
742 1507 815 1584 poni
832 1506 925 1580 solet,
943 1507 1043 1568 locum
1059 1509 1109 1566 ha

120 1589 173 1649 bat
193 1591 225 1648 in
246 1593 397 1650 sententia
414 1611 451 1650 ex
469 1591 621 1671 particula
634 1590 734 1668 qualis
749 1585 815 1648 ἐπεί
829 1598 875 1650 est
890 1589 1057 1667 pendente,
1073 1601 1113 1666 et,

120 1681 155 1731 ut
174 1672 288 1732 habere
307 1675 418 1752 possit,
440 1683 541 1734 tamen
560 1675 629 1752 plus
652 1693 712 1732 uno
733 1674 765 1731 in
779 1673 847 1732 loco
863 1669 966 1743 πόθος
983 1676 1113 1734 orationi
1135 1689 1138 1698 ²

121 1755 249 1815 adderet
262 1751 407 1835 ineptum.
441 1758 645 1818 Nihilominus
662 1757 846 1816 recentiores
867 1756 999 1816 editores
1022 1757 1115 1818 fidem

121 1839 293 1898 habuerunt
313 1842 517 1918 grammaticis
541 1850 571 1900 et
592 1836 655 1900 ἐπεὶ
675 1823 696 1914 ἦ
715 1839 793 1898 illud
812 1840 960 1913 Homero,
989 1860 1029 1900 ex
1055 1861 1115 1920 quo

122 1943 177 2000 ego
191 1943 292 1983 rursus
308 1926 422 2002 expuli,
438 1926 568 2004 aliisque
580 1926 673 2002 epicis
686 1924 861 1982 intulerunt.
886 1922 980 1984 Aliae
997 1925 1115 2002 opinio·

121 2027 176 2066 nes
188 2027 249 2066 non
262 2027 379 2086 paucae
398 2029 437 2067 ne
453 2010 713 2086 grammaticorum
729 2005 852 2086 quidem
871 2009 1053 2068 auctoritate
1068 2011 1115 2068 ni·

121 2098 232 2165 tnntnr,
248 2091 302 2150 sed
317 2093 388 2152 solis
401 2091 548 2152 debentur
560 2093 749 2152 librariorum
763 2089 921 2150 erroribus.
944 2091 997 2151 Sic
1013 2091 1072 2153 Od.
1086 2092 1115 2166 7,

122 2171 192 2234 261.
206 2184 237 2233 et
249 2175 297 2247 14,
310 2173 380 2234 287.
393 2177 425 2236 in
440 2176 524 2236 libris
542 2177 678 2235 omnibus
693 2175 836 2252 scriptum
852 2163 915 2232 ἀλλ’
933 2163 983 2232 ότι
1004 2162 1040 2248 δὴ
1063 2166 1115 2252 ‹ly-

123 2249 193 2314 dodv
211 2278 261 2332 μοι
275 2251 470 2333 ἐπιπλόμενον
492 2256 556 2329 ἔτος
577 2244 688 2333 ἦλθον,
710 2257 763 2316 ubi
777 2249 885 2334 όγδοον
905 2259 1114 2320 contractione

122 2339 259 2399 inaudita
278 2351 312 2400 ut
333 2333 442 2419 dydoov
460 2344 646 2420 pronuntiari
665 2341 771 2402 volunt
791 2340 936 2416 editores,
956 2341 1040 2438 guod
1061 2341 1115 2401 ho-

123 2422 227 2482 dierno
259 2425 351 2484 alicui
378 2427 576 2486 versificatori
602 2427 726 2486 alterius
752 2425 866 2484 formae
893 2414 1035 2502 όγδοιιτος
1063 2425 1116 2484 vel

123 2508 226 2583 ignaro
240 2509 291 2568 vel
309 2510 474 2568 immemori
495 2509 638 2570 excidere
660 2510 769 2587 possit,
792 2509 890 2567 veteri
909 2528 982 2567 vero
1003 2517 1116 2585 poetae

123 2589 243 2650 Graeco
258 2611 317 2652 non
332 2595 431 2670 potuit
445 2595 476 2652 in
490 2602 622 2654 mentem
638 2594 758 2667 venire,
777 2593 830 2671 qui
846 2592 1009 2671 scripserat
1030 2589 1116 2670 quod

122 2683 318 2754 egoutroque
335 2677 402 2736 loco
416 2678 549 2751 restitui,
888 2735 894 2742 .
922 2741 936 2772 ἴ

204 2749 265 2818 ἀλλ’
291 2750 340 2818 ὅτε
355 2749 391 2834 δὴ
407 2750 553 2838 ὀγδόατόν
563 2779 614 2835 μοι
626 2752 822 2837 ἐπιπλόμενον
838 2756 900 2830 ἔτος
915 2760 1027 2834 nider,

122 2842 229 2902 eedem
244 2845 376 2949 spnizesi
398 2865 458 2924 que
474 2843 532 2906 od.
553 2845 600 2917 15,
616 2844 688 2905 477.

205 2919 259 2985 citt
288 2917 336 2986 ότε
351 2917 387 3004 δὴ
404 2925 529 3006 ἕβδομον
543 2909 622 3007 ἦμαρ
637 2923 685 2986 ἐπὶ
699 2917 773 2998 Ζεὺς
788 2927 867 3003 θῆκε
883 2925 1030 3004 Κρονίων,

123 3018 155 3069 et
171 2998 207 3083 δὴ
219 3002 415 3086 Ἀντιμάχοιο,
431 3001 469 3088 δὴ
485 3001 637 3089 ἀντίβιον,
655 3002 691 3087 δὴ
706 3002 900 3086 ἀφνειότατος
917 3011 955 3070 11.
971 3009 1023 3082 11,
1043 3006 1114 3070 138.

121 3089 193 3152 386.
220 3091 274 3168 20,
290 3092 362 3152 220.
389 3105 419 3156 et
451 3116 529 3176 quae
555 3106 624 3156 sunt
651 3097 765 3157 similes
779 3097 934 3156 literarum
949 3092 997 3171 ab,
1013 3090 1116 3172 ῆεηῗο

121 3178 292 3277 syniaesea
313 3180 422 3256 partim
443 3181 579 3240 duriores
599 3201 689 3260 quam
709 3180 787 3240 illud
802 3168 839 3255 δὴ
855 3169 1013 3255 όμδόντον,
1029 3179 1117 3238 velut

121 3280 140 3334 η
166 3250 216 3318 ὅτε
240 3261 357 3322 duabus
388 3264 516 3342 syllabis
549 3265 806 3343 pronuntiandum
837 3261 920 3342 apud
948 3261 1115 3322 Pindarum

122 3344 226 3404 lsthm.
245 3347 273 3420 7,
294 3345 341 3406 11.
357 3355 387 3406 at
405 3347 454 3409 12.

204 3429 494 3507 interpunctionem,
511 3433 707 3511 quaWollius
718 3433 851 3512 priorum
863 3439 1031 3509 temporum
1045 3449 1116 3490 con—

122 3511 313 3600 suetudinem
335 3525 457 3576 secutus
479 3517 568 3577 nimis
591 3517 696 3577 crebra
715 3537 786 3577 usus
809 3525 890 3590 erat,
916 3517 973 3576 etsi
997 3517 1028 3574 in
1048 3515 1116 3574 unin
