2442 3922
179 275 216 342 λλ
526 276 799 335 ΙΛΙΑΔΟΣΔ.

176 438 220 520 αἰς
232 437 263 506 δ’
285 437 336 508 ὅτ’
357 433 421 505 α’πδ
444 445 581 524 σκοπιῆς
599 434 695 521 εἶδενι
706 439 806 520 νέφος
823 433 960 512 αἰπόλος
978 431 1067 521 άυήρ
1087 444 1137 502 '37⁵

176 538 355 626 ἐρχόμενον
373 535 455 605 κατά
476 538 600 606 πόντον
620 534 685 604 ύπό
707 533 875 619 Ζεφύροιο
896 537 989 619 ίωῆς·

175 646 221 728 τῷ
241 638 279 705 δέ
295 635 326 706 τ’
346 634 494 704 άνευθεν
514 635 603 704 ἐόντι
623 633 828 722 μελάντερον
846 629 926 720 ήῦτε
946 639 1048 702 πίσσα

176 735 305 823 φαίνετ’
327 734 379 805 ίδν
397 734 480 804 κατά
491 734 628 819 πόντον,
649 732 722 820 άγει
740 737 777 800 δέ
794 759 828 800 τε
841 739 985 800 λαίλαπα
997 732 1137 818 πολλὴν,
1209 767 1210 800 ι

175 839 308 924 ῥίγησέν
326 862 361 904 τε
381 832 463 904 ίδοδν
484 832 550 903 ὑπό
571 861 605 902 τε
625 837 723 913 σπέος
741 831 843 920 ήλασε
863 841 966 920 μῆλα·

177 950 259 1006 τοῖαι
278 934 338 1022 ἅμ’
358 935 537 1004 Αἰάντεσσι
567 937 772 1020 διοτρεφέων
791 937 913 1019 αἰζηῶν
1086 947 1137 1002 νὸσ

175 1039 271 1125 δήϊον
290 1041 323 1116 ές
341 1035 487 1123 πόλεμον
506 1036 640 1104 πυκιναὶ
659 1040 795 1103 κίνυντο
815 1032 983 1119 φάλαγγες

174 1137 328 1223 κυάνεαι,
349 1135 485 1203 σάκεσίν
504 1137 612 1204 τεκαὶ
632 1142 739 1222 ἔγχεσι
758 1146 959 1219 πεφρικυῖαι.

175 1241 229 1308 καλ
249 1235 327 1317 τοὺς
345 1236 406 1322 μέν
424 1235 577 1323 γήθησεν
596 1233 679 1304 ίδιόν
698 1239 819 1318 κρείων
835 1231 1061 1320 Ἀγαμέμνων,

59 1341 63 1348 ’
175 1343 232 1406 καί
248 1358 353 1422 σφεας
372 1334 530 1422 φωνήσας
549 1339 629 1404 έπεα
648 1334 830 1421 πτερόεντα
850 1331 1025 1419 προσηύδα

239 1433 391 1522 ,,Αίαντ’,
407 1432 565 1521 Ἀργείων
584 1432 726 1521 ἡγήτορε
744 1433 1006 1521 χαλκοχιτώνων,
1085 1446 1135 1502 2⁸⁵

175 1543 265 1623 σφιιῑιι
280 1541 342 1622 μέν
357 1575 376 1586 -
395 1534 436 1600 ού
449 1535 513 1620 γάρ
534 1531 615 1602 ἔοικ’
636 1529 820 1620 ὀτρυνέμεν
839 1573 858 1586 -
878 1532 952 1600 ούτι
970 1531 1113 1600 κελεύω·

174 1633 263 1704 αὐτοὶ
283 1635 347 1721 γάρ
367 1630 557 1720 μύλωλαόν
576 1631 744 1719 άνάγετον
763 1631 815 1719 ἶφι
834 1632 1008 1720 μάχεσθαι.

175 1740 210 1802 αἲ
227 1733 303 1822 γάρ,
324 1742 390 1801 Ζεῦ
410 1760 444 1800 τε
464 1733 567 1817 πάτερ
586 1735 640 1801 καὶ
658 1734 816 1820 Ἀθηναίη
836 1731 1081 1816 καλἈπολλον,

176 1847 261 1913 τοῖος
279 1841 381 1900 πᾶσιν
400 1831 511 1918 θυμός
529 1835 579 1901 ένλ
597 1833 756 1920 στήθεσσι
775 1838 919 1920 γένοιτο·

175 1941 219 2025 τῷ
240 1959 278 2002 κε
296 1931 366 2018 τάχ’
391 1931 524 2019 ήμύσειε
544 1931 637 2012 πόλις
657 1933 820 2020 Πριάμοιο
841 1933 996 2018 άνακτος,
1084 1941 1137 2000 ‘290
1213 1952 1214 2036 η

174 2036 285 2120 χερσὶν
305 2029 366 2118 ὑφ’
386 2030 579 2121 ῆμετέρησιν
598 2029 727 2100 ἁλοῦσά
745 2059 780 2101 τε
800 2037 993 2119 περθομένη
1013 2036 1084 2100 τε.“
1213 2043 1214 2056 ’

228 2129 289 2211 Ὦς
305 2130 408 2201 είπων
426 2129 505 2211 τούς
523 2132 585 2217 μὲν
603 2139 698 2202 λίπεν
718 2129 841 2218 αὐτοῦ,
861 2139 907 2220 βῆ
926 2133 962 2200 δὲ
981 2128 1054 2216 μετ’
1075 2128 1136 2198 άλ·

626 2241 723 2312 λους·

175 2328 250 2401 ἔνθ’
272 2331 329 2416 ὅγε
349 2327 492 2413 Νέστορ’
514 2334 639 2418 ἔτετμε,
660 2329 757 2417 λιγύν
776 2336 914 2400 Πυλίων
933 2327 1114 2420 α’γορητῆν,

174 2427 234 2508 οὓς
253 2431 389 2515 ἑτάρους
408 2432 585 2496 στέλλοντα
603 2436 658 2498 καλ
678 2429 863 2515 ὀτρύνοντα
882 2432 1061 2518 μάχεσθαι,

174 2528 259 2615 ἀμφὶ
278 2531 383 2614 μέγαν
401 2529 595 2613 Πελάγοντα
611 2525 792 2614 Ἀλάστορά
812 2557 846 2598 τε
866 2535 1018 2617 Χρομίον
1037 2555 1073 2598 τε

174 2625 304 2712 Αἵμονά
324 2652 358 2694 τε
377 2633 530 2714 κρείοντα
550 2628 675 2696 Βίαντά
693 2655 739 2717 τε,
759 2633 900 2717 ποιμένα
917 2637 1019 2698 λαῶν.
1085 2641 1138 2700 29⁶

173 2730 296 2810 ἱππῆας
314 2727 375 2810 μὲν
394 2732 507 2811 πρῶτα
527 2725 591 2795 σόν
609 2732 759 2798 ἵπποισιν
778 2731 833 2798 καὶ
852 2729 1001 2816 ὄχεσφιν,

174 2823 291 2905 πεζούς
310 2823 340 2890 δ’
363 2824 496 2904 ἐξόπιθε
516 2834 636 2914 στῆσεν
654 2833 775 2908 πολέας
790 2855 823 2896 τε
844 2831 899 2898 καὶ
918 2827 1077 2917 έσθλούς,

174 2921 269 3006 ἕρκος
287 2927 364 3008 ἔμεν
383 2927 555 3011 πολέμοιο·
576 2925 699 3007 κακούς
718 2924 750 2996 δ’
771 2929 804 3008 ές
820 2931 944 3015 μέσσου
964 2934 1117 3016 ἔλασσεν,

174 3019 263 3106 ὄφρα
283 3023 336 3088 καλ
356 3020 418 3089 οὐκ
438 3025 566 3092 ἐθέλων
584 3053 632 3105 τις
651 3023 814 3116 άναγκαίη
833 3035 1011 3116 πολεμίζοι.
1085 3043 1139 3100 300

174 3123 331 3186 ἱππεῦσιν
350 3122 412 3208 μέν
431 3121 536 3208 πρῶτ’
557 3126 759 3195 ἐπετέλλετο·
786 3129 864 3208 τούς
883 3127 948 3216 γάρ
968 3127 1095 3216 άνοίγει
1118 3189 1123 3195 .

173 3218 280 3303 σφοὺς
299 3225 422 3299 ἵππους
440 3224 552 3307 ἐχέμεν
571 3229 652 3310 μηδὲ
671 3227 870 3296 κλονέεσθαι
889 3225 1010 3319 ὁμίλῳ·

237 3322 361 3406 ,,Μηδέ
376 3347 425 3400 τις
444 3323 613 3411 ίπποσύνη
633 3350 666 3392 τε
685 3331 739 3394 καί
759 3323 923 3415 ήνορέηφι
941 3330 1118 3408 πεποιθώς

172 3417 240 3497 οἶος
259 3416 387 3502 πρόσθ’
407 3417 519 3488 άλλων
538 3423 669 3510 μεμάτω
695 3427 840 3508 Τρώεσσι
859 3426 1039 3515 μάχεσθαι,

173 3513 251 3602 μηδ’
273 3513 499 3606 ἀναχωρείτω·
520 3517 781 3609 ἀλαπαδνότεροι
800 3528 864 3612 γάρ
885 3531 1015 3596 ἔσεσθε.
1084 3541 1138 3596 30⁵
