2412 3918
385 271 606 330 ΙΛΙΑΔΟΣ
628 275 676 330 xl.
945 269 1007 332 205

56 431 189 517 στήθεσι
207 435 472 518 παμφαίνοντας,
489 431 559 499 ἐπεὶ
576 435 735 516 περίδυσε
751 441 903 519 χιτῶνας·
958 449 1010 502 ιοο

55 527 157 615 αὐτὰρ
172 527 191 598 ὁ
207 537 252 618 βῆ
269 529 297 616 ρ’
310 523 400 599 ’Ῑδύν
414 555 450 598 τε
465 529 691 617 καλἈντιφον
705 534 910 618 ἐξεναρίξων,

54 623 102 696 υἷε
118 629 189 696 δύω
205 629 384 716 Πριάμοιο,
401 628 513 698 νόθον
527 629 583 698 καὶ
597 629 750 716 γνήσιον,
767 628 867 717 ἄμφω

55 731 102 796 είν
116 728 165 796 ἑνὶ
183 731 293 817 δίφρῳ
310 725 441 806 έόντας·
459 724 477 795 ὁ
493 726 555 813 μὲν
570 727 676 807 νόθος
692 725 880 816 ἡνιόχευεν,

49 826 204 913 Ἀντιφος
215 820 261 894 αὖ
277 829 467 914 παρέβασκε
482 827 695 912 περικλυτός·
712 824 740 894 τό
754 825 824 895 ποτ’
846 822 1010 913 Ἀχιλλεύς

49 924 131 1012 Ἴδης
145 928 183 994 έν
198 939 356 1012 κνημοῖσι
372 928 446 1010 δίδη
463 924 615 1011 μόσχοισι
629 925 792 1011 λύγοισιν,
958 937 1009 992 101

56 1022 256 1110 ποιμαίνοντ’
272 1020 321 1093 έτί
339 1023 432 1092 ὄεσσι
446 1021 572 1112 λαβύν,
587 1025 643 1092 καὶ
658 1030 778 1092 ἔλυσεν
793 1020 951 1091 ιἰποίνων.

55 1121 90 1209 δὴ
106 1123 181 1192 τότε
197 1121 226 1209 γ’
239 1121 405 1209 Ἀτρείδης
420 1123 628 1210 εῦρνκρείων
640 1119 853 1209 Ἀγαμέμνων

57 1217 113 1288 τόν
127 1223 193 1307 μὲν
208 1218 295 1305 ὑπὲρ
313 1224 426 1307 μαζοῖο
441 1221 525 1290 κατὰ
541 1228 666 1307 στῆθος
680 1220 761 1307 βάλε
777 1220 884 1306 δουρὶ,

48 1317 205 1406 Ἀντιφον
221 1311 268 1386 αύ
285 1318 375 1404 παρὰ
392 1313 452 1400 ούς
469 1327 566 1390 ἔλασε
582 1325 678 1406 ξίφει,
697 1322 733 1388 έκ
746 1318 776 1387 δ’
789 1315 875 1406 ἔβαλ’
886 1321 1008 1386 ἵππων.

55 1421 275 1508 σπερχόμενος
293 1417 329 1487 δ’
347 1418 413 1488 άπὸ
431 1433 518 1488 τοῖιν
533 1419 635 1488 έσύλα
650 1419 769 1504 τεύχεα
786 1415 882 1501 καλά,
957 1431 1010 1484 11⁰

52 1519 263 1604 γιγνώσκων·
282 1521 338 1586 καὶ
354 1519 420 1603 γάρ
438 1539 503 1606 σφε
520 1518 625 1603 πάρος
641 1516 731 1599 παρὰ
748 1516 846 1602 νηυσὶ
863 1519 988 1601 θοῇσιν

52 1617 141 1704 είδεν,
161 1614 208 1684 ὅτ’
228 1617 360 1704 έξἽδης
377 1616 503 1703 άγαγεν
519 1618 624 1696 πόδας
642 1615 731 1695 ὠκύς
749 1612 923 1700 Ἀχιλλεύς.

53 1715 92 1796 οἱς
108 1717 144 1786 δὲ
161 1721 250 1784 λε’ων
266 1717 406 1803 ἐλάφοιο
423 1723 551 1803 ταχείης
567 1716 670 1802 νήπια
686 1717 786 1783 τέκνα

53 1819 181 1903 ῥηϊδίως
200 1819 350 1903 συνέαξε,
369 1814 485 1903 λαβών
499 1827 710 1902 κρατεροῖσιν
726 1810 876 1896 ὀδοῦσιν,

51 1914 158 1984 έλθύν
178 1921 225 1995 είς
243 1912 359 2003 εύνὴν,
378 1912 509 1983 ἁπαλόν
524 1916 562 1981 τέ
577 1910 630 1999 σφ’
648 1905 730 1999 ἦτορ
747 1908 896 1996 άπηύρα·
957 1919 1008 1976 111

51 2011 67 2098 ἡ
84 2013 115 2081 δ’
133 2025 230 2098 εἴπερ
249 2039 285 2082 τε
301 2015 420 2102 τύχησι
436 2013 525 2100 μάλα
541 2008 671 2098 σχεδὸν,
691 2008 733 2076 ού
751 2007 894 2076 δύναταί
907 2023 989 2091 σφιν

48 2128 233 2200 χραισμεῖν·
251 2113 359 2199 αὐτὴν
375 2113 441 2199 γάρ
459 2139 518 2198 μιν
535 2107 601 2177 ὑπὸ
618 2107 740 2194 τρόμος
756 2102 850 2183 αίνός
865 2101 988 2171 ίιτάνει·

49 2218 262 2297 καρπαλίμως
280 2208 312 2279 δ’
331 2211 401 2297 ἤϊξε
418 2209 473 2277 διὰ
491 2206 601 2295 δρυμά
618 2203 729 2274 πυκνά
747 2205 802 2272 καὶ
818 2201 905 2289 ῦλην

49 2309 245 2395 σπεύδονσ’,
264 2310 445 2396 ίδράονσα,
464 2313 625 2393 κραταιοῦ
641 2302 749 2391 θηρὸς
764 2299 821 2388 ὑφ’
841 2306 957 2386 ορμῆε·

49 2403 88 2486 ῦς
105 2409 173 2496 ἄρα
189 2423 259 2488 τοῖς
277 2406 370 2488 ούτις
385 2408 510 2476 δύνατο
528 2410 726 2492 χραισμῆσαι
743 2398 889 2482 ὄλεθρον
959 2411 1009 2465 11⁰

50 2505 187 2594 Τρύων,
206 2503 292 2574 ἄλλά
308 2506 363 2573 καὶ
381 2502 476 2588 αὐτοὶ
493 2501 548 2570 ὑπ’
569 2502 741 2586 Ἀργείοισι
759 2500 914 2585 φέβοντο.

62 2625 66 2634 ’
83 2603 205 2690 Αύτὰρ
217 2601 236 2672 ὁ
247 2603 462 2688 Πείσανδρόν
472 2629 507 2670 τε
519 2604 575 2670 καὶ
585 2599 780 2683 Ἱππόλοχον
789 2593 1008 2682 μενεχάρμην,

46 2708 132 2784 νίέας
153 2702 363 2790 Ἀντιμάχοιο
382 2709 575 2789 δαΐφρονος,
596 2699 634 2778 ὅς
651 2701 693 2784 ῥα
709 2697 850 2782 μάλιστα

47 2802 173 2888 χρυσὸν
192 2802 425 2886 Ἀλεξάνδροιο
444 2803 651 2886 δεδεγμένος,
669 2792 776 2881 ἀγλαά
795 2797 897 2878 δῦρο,

46 2900 105 2971 οὐκ
123 2901 226 2990 εἴασχ’
238 2899 378 2988 Ἑλένην
396 2899 534 2986 δόμεναι
551 2902 665 2984 ξανθῷ
684 2889 859 2978 Μενελάῳ,
958 2902 1009 2956 11⁵

47 3009 167 3087 τοῦπερ
186 2999 227 3087 δη
247 2999 311 3067 δύο
329 3003 426 3066 παίδε
445 2997 526 3084 λάβε
543 3001 665 3079 κρείων
682 2991 895 3076 Ἀγαμέμνων

48 3104 93 3166 είν
111 3101 162 3168 ἑνὶ
180 3103 291 3188 δίφρῳ
308 3098 436 3184 ἐόντας,
454 3094 541 3183 ὁμοῦ
560 3093 592 3162 δ’
612 3100 686 3178 ἔχον
703 3088 807 3168 α’κέας
821 3091 956 3167 ἵππους·

47 3201 81 3265 ἐκ
97 3199 163 3285 γάρ
183 3219 291 3284 σφεας
306 3204 431 3283 χειρῶν
447 3197 561 3282 φύγον
576 3191 655 3280 ἡνία
669 3188 876 3275 σιγαλόεντα,

49 3295 89 3364 τά
108 3295 145 3364 δέ
162 3295 382 3383 κυκηθήτην·
406 3291 425 3364 ὁ
442 3293 474 3362 δ’
494 3297 647 3362 ἐναντίον
663 3281 750 3374 άρτο
768 3289 854 3355 λέων
871 3282 915 3363 ιδς

48 3393 288 3483 Ἀτρείδης·τώ
307 3391 340 3460 δ’
361 3385 432 3462 αὖτ’
450 3396 487 3462 ἐκ
507 3397 631 3479 δίφρου
647 3388 877 3472 γουναζέσθην
957 3392 1008 3448 110

85 3495 252 3584 ,,Ζω’γρει,
274 3489 405 3579 Ἀτρέος
422 3495 485 3581 νίέ,
506 3489 549 3560 σὺ
568 3488 599 3557 δ’
618 3487 693 3594 άξια
710 3486 798 3561 δέξαι
815 3479 952 3548 ἄποινα·
