2470 3926
449 278 671 337 ιΛεΑαοε
694 282 791 338 xxm.
908 243 909 248 ¹
1031 279 1094 348 477

175 431 292 521 Αὐτὰρ
309 432 327 504 ὁ
344 442 516 524 τοξευτῇσι
532 444 619 502 τίθει
637 437 748 505 ίόεντα
765 444 914 527 σίδηρον,
1041 461 1095 516 850

133 531 199 600 κὰδ
215 531 248 599 δ’
261 535 364 601 ἐτίθει
379 537 459 602 δέκα
476 534 538 620 μὲν
553 539 720 623 πελέκεας,
733 540 814 606 δέκα
835 537 868 606 δ’
879 539 1091 629 ἡμιπέλεκκα,

132 628 227 698 ίστόν
244 629 275 698 δ’
295 629 433 718 ἑστησεν
449 629 530 718 νηός
546 635 801 726 κυανοπρῴροιο

132 737 237 815 τηλοῦ
252 733 305 798 ἐπὶ
322 731 502 818 ψαμάθοις,
521 733 557 798 έκ
576 731 612 800 δὲ
628 733 784 821 τρήρωνα
801 737 935 805 πέλειαν

132 835 235 915 λεπτή
251 838 405 918 μηρίνθῳ
423 834 524 916 δῆσεν
542 827 653 917 ποδός,
672 823 712 918 ής
728 830 776 921 ἄρ’
796 832 920 920 άνάγει

131 927 288 1006 τοξεύειν.
305 924 365 1018 ,,ὸ“ς
380 930 442 1014 μὲν
459 955 497 996 κε
514 927 600 1017 βάλη
616 930 772 1016 τρήρωνα
788 937 932 1021 πέλειαν,
1040 954 1092 1008 85⁵

130 1026 257 1106 πάντας
273 1024 468 1113 ἀειράμενος
485 1033 641 1108 πελέκεας
658 1028 791 1098 οἶκόνδε
808 1037 978 1120 φερέσθω·

130 1121 168 1204 ὃς
186 1128 225 1192 δέ
239 1151 277 1193 κε
293 1136 471 1212 μηρίνθοιο
487 1127 582 1214 τύχη,
599 1127 738 1210 ὄρνιθος
754 1125 913 1216 ἁμαρτόν
928 1173 947 1184 -

128 1223 245 1311 ἥσσων
260 1221 326 1310 γάρΙ
344 1223 383 1311 δή
402 1239 511 1305 κεῖνος
526 1265 546 1278 -
563 1223 581 1293 ὁ
601 1225 631 1292 δ’
651 1237 776 1295 οίσεται
791 1226 1027 1315 ήμιπέλεκκα.“

165 1321 230 1402 Ὣς
246 1322 348 1410 ἔφατ’,
368 1315 454 1410 εόρτο
472 1323 505 1391 δ’
523 1330 634 1392 ἔπειτα
650 1332 705 1412 βίη
727 1327 888 1412 Τεύκροιο
906 1328 1058 1418 ἄνακτος,

129 1419 174 1490 άν
192 1421 224 1491 δ’
244 1422 310 1506 άρα
327 1423 513 1510 Μηριόνης,
530 1423 692 1508 θεράπων
708 1423 765 1503 ἐῢς
778 1422 972 1513 Ἰδομενῆος.
1037 1445 1090 1500 86ο

128 1523 275 1609 κλήρους
292 1519 325 1590 δ’
341 1525 379 1590 έν
394 1526 497 1610 κυνέη
514 1523 671 1608 χαλκήρεϊ
687 1523 816 1590 πάλλον
834 1525 974 1609 ἑλόντες,

132 1630 279 1708 Τεῦκρος
295 1622 331 1689 δὲ
348 1628 478 1709 πρῶτος
488 1622 600 1711 κλήρῳ
617 1622 725 1706 λάχεν.
749 1618 867 1690 αὐτίκα
884 1620 916 1689 δ’
935 1621 989 1691 ίὸν

127 1713 210 1810 ἧκεν
227 1723 437 1808 ἐπικρατέως,
456 1718 531 1788 οὐδ’
548 1717 725 1807 ήπείλησευ
742 1720 860 1788 άνακτι

127 1821 242 1904 άρνῶν
258 1821 482 1907 πρωτογόνων
498 1822 603 1905 ῥέξειν
619 1821 752 1904 κλειτήν
768 1819 963 1908 ἑκατόμβην.

127 1918 267 2004 ὄρνιθος
277 1922 338 2006 μὲν
348 1919 487 2007 ἅμαρτε·
499 1921 621 2005 μέγηρε
631 1917 696 2004 γάρ
708 1923 743 1985 οί
750 1915 815 2003 τόγ’
832 1917 1018 1988 Ἀπόλλων
1034 1935 1087 1993 865

126 2016 234 2105 αὐτὰρ
252 2018 270 2108 ό
288 2017 456 2106 μήρινθον
472 2019 554 2106 βάλε
571 2019 639 2104 πάρ
655 2017 753 2101 πόδα,
773 2023 814 2104 τή
831 2016 929 2084 δέδετ’
948 2015 1055 2104 ὅρνις·

126 2114 269 2204 ἀντικρὺ
287 2115 317 2184 δ’
338 2115 404 2185 άπό
423 2116 591 2203 μήρινθον
607 2115 689 2200 τάμε
707 2111 825 2200 πικρὰς
842 2112 960 2194 ὀϊστός.

125 2212 147 2302 ή
166 2215 228 2300 μὲν
243 2213 338 2282 ἔπειτ’
354 2215 423 2302 ήϊξε
440 2213 523 2301 πρὸς
539 2210 698 2300 οάρανὸν,
717 2209 738 2299 ἡ
757 2212 794 2281 δὲ
812 2221 956 2300 παρείθη
977 2205 983 2214 ’

125 2315 291 2402 μήρινθος
307 2316 382 2382 ποτὶ
397 2329 510 2400 γαῖαν·
528 2311 611 2398 άτδιρ
627 2313 815 2399 κελάδησαν
828 2309 960 2397 Ἀχαιοί

126 2414 349 2502 σπερχόμενος
365 2411 398 2481 δ’
414 2413 480 2498 άρα
496 2412 675 2499 Μηριόνης
689 2415 837 2497 ἐξείρυσε
853 2409 962 2498 χειρός
1035 2430 1068 2484 87

125 2513 239 2594 τόξον·
258 2511 342 2598 άτδρ
359 2510 399 2600 δή
417 2511 530 2580 ὀιστόν
545 2517 618 2598 έχεν
635 2511 747 2597 πάλαι,
767 2507 811 2589 οἱς
828 2519 958 2578 ἴθυνεν.

125 2611 246 2680 αὐτίκα
263 2611 293 2678 δ’
311 2609 489 2700 ἠπείλησεν
506 2610 653 2700 ἑκηβόλῳ
668 2607 851 2678 Ἀπόλλωνι

125 2711 242 2799 άρνῶν
258 2712 484 2799 πρωτογόνων
501 2712 607 2796 ῥέξειν
622 2707 755 2796 κλειτὴν
771 2707 968 2796 ἑκατόμβην.

124 2808 189 2892 ὕψι
206 2808 238 2878 δ’
258 2807 324 2878 ὑπὸ
342 2817 473 2896 νεφέων
488 2807 554 2877 εἶδε
569 2811 725 2897 τρήρωνα
742 2811 892 2876 πέλειαν·

123 2916 167 2997 τή
183 2907 211 2996 β’
229 2907 287 2994 ὅγε
305 2910 506 2976 δινεύουσαν
521 2905 586 2976 ὑπό
602 2913 763 2995 πτέρυγος
780 2907 862 2994 βάλε
876 2911 1011 2995 μέσσην,
1034 2923 1068 2992 87

124 3005 266 3097 άντικρύ
283 3008 319 3076 δὲ
338 3012 455 3094 διήλθε
466 3009 576 3094 βέλος·
593 3003 631 3074 τό
648 3011 709 3092 μὲν
725 3001 773 3086 άψ
788 3007 840 3073 ἐπὶ
856 3011 934 3094 γαίη

123 3107 278 3192 πρόσθεν
293 3105 470 3193 Μηριόναο
486 3105 574 3192 πάγη
591 3105 708 3184 ποδός·
727 3101 833 3191 αὐτὰρ
849 3101 871 3192 ἡ
888 3103 980 3192 ὅρνις

125 3211 207 3296 ἱστῷ
223 3209 401 3291 ἐφεζομένη
418 3203 498 3292 νηός
514 3205 769 3295 κυανοπρῴροιο

125 3301 232 3389 αὐχέν’
251 3299 489 3391 άπεκρέμασεν,
507 3301 573 3371 σδν
590 3303 626 3372 δὲ
642 3302 745 3388 πτερά
762 3302 873 3372 πυκνά
891 3311 1041 3374 λίασθεν.

125 3400 215 3482 όκδς
233 3401 265 3469 δ’
285 3407 321 3470 έκ
337 3403 463 3488 μελέων
478 3400 590 3489 θυμός
606 3403 720 3490 πτάτο,
736 3411 814 3490 τῆλε
833 3402 866 3472 δ’
885 3402 938 3472 ἀπ’
958 3403 1063 3474 αὐτοῦ

123 3503 287 3571 κάππεσε·
308 3504 376 3570 λαοὶ
397 3501 428 3569 δ’
447 3495 492 3568 αὖ
506 3503 656 3588 θηεῦντό
671 3530 707 3572 τε
724 3502 907 3590 θάμβησάν
922 3530 966 3571 τε.
1033 3520 1081 3573 881
