2438 3918
408 201 629 262 ΙΛΙΛΔΟΣ
661 202 746 258 XVII.
993 192 1054 258 343

93 354 203 446 αάτάρ
223 357 273 447 ὅγ’
291 365 431 443 ἐξοπίσω
448 359 632 450 ἀνεχάζετο,
651 367 740 430 λεῖπε
758 363 794 428 δέ
810 385 944 448 νεκρον,

94 459 412 548 ἐντροπαλιζόμενος
430 459 514 530 ιόστε
531 463 580 540 λίς
595 459 776 547 ἠϋγένειος,

94 552 134 622 όν
152 557 196 642 ήα
214 557 316 638 κύνες
331 583 367 626 τε
384 562 440 630 καί
455 559 576 647 ἀνδρες
594 557 660 627 άτιό
679 569 842 647 σταθμοῖο
857 564 992 628 δίωνται
1004 572 1053 628 110

92 660 204 742 έγχεσι
219 659 275 726 καὶ
291 665 404 748 φωνῇ·
422 666 484 728 τοῦ
502 657 535 728 θ’
553 662 591 728 έν
608 663 729 748 φρεσὶν
745 657 886 746 ἀλκιμον
902 649 983 747 ἦτορ

89 765 290 842 παχνοῦται,
308 755 418 828 ἀέκων
436 762 474 828 δέ
488 755 516 828 τ’
533 764 593 848 ἔβη
609 757 674 828 ἀπὸ
692 758 908 848 μεσσαύλοιο·

89 850 135 934 ἀς
152 853 219 925 ἀπὸ
237 857 447 946 Πατρόκλοιο
464 866 515 930 κίε
532 855 657 940 ξανθὰς
667 861 850 938 Μενέλαος.

90 962 155 1042 στῆ
171 958 210 1026 δὲ
225 962 497 1047 μεταστρεφθείς,
516 961 586 1028 ἐπεὶ
602 963 691 1028 ἵκετο
710 963 811 1038 ἔθνος
828 959 976 1044 ἑταίρων,

88 1064 290 1128 παπταίνων
304 1068 434 1128 Αίαντα
450 1062 566 1147 μόναν,
587 1057 804 1146 Τελαμώνιον
819 1056 906 1126 υίόν.
1001 1073 1051 1126 115

87 1150 152 1222 τόν
169 1158 208 1226 δὲ
223 1157 298 1244 μάλ’
316 1157 381 1242 αἰψ’
400 1159 519 1248 ἐνόησε
536 1159 642 1247 μάχης
658 1153 706 1228 έτί
725 1155 881 1244 ἀριστερά
897 1154 1004 1243 πάσης

85 1254 306 1339 θαρσύνονθ’
324 1259 463 1344 ἑτάρους
478 1262 533 1328 καί
548 1258 774 1347 ἐποτρύνοντα
790 1257 970 1345 μάχεσθαι·

85 1359 274 1427 θεσπέσιον
291 1358 358 1448 γάρ
375 1379 458 1445 σφιν
476 1361 587 1446 φόβον
597 1364 718 1446 ἔμβαλε
729 1362 851 1443 Φοῖβος
865 1353 1049 1423 Ἀπόλλων·

85 1459 132 1540 βῆ
150 1457 189 1524 δὲ
206 1457 431 1544 θέειν,,εάθαρ
448 1459 484 1528 δὲ
501 1457 747 1544 παριστάμενος
763 1461 841 1535 ἔπος
855 1452 943 1542 ηύδα
1000 1468 1051 1523 119

128 1552 255 1643 ,,Αἷαν,
274 1555 388 1648 δεῦρο,
406 1561 526 1644 πέπον,
542 1559 619 1644 περὶ
636 1557 845 1646 Πατρόκλοιο
861 1553 1029 1632 θανόντος

84 1652 292 1742 σπεύσομεν,
310 1665 351 1726 αί
362 1682 401 1726 κε
418 1658 523 1726 νέκυν
538 1681 601 1744 περ
621 1654 763 1744 Ἀχιλλῆϊ
777 1656 997 1741 προφέρωμεν

82 1751 234 1837 γυμνόν·
253 1751 338 1841 ἀτάρ
358 1756 438 1842 τάγε
455 1753 556 1842 τεύχε’
576 1761 641 1842 έχει
657 1750 1048 1844 κορνθαίολοςἝκτωρ.“

130 1845 193 1930 Ὦς
209 1849 315 1941 ἔφατ’,
334 1862 456 1924 Αίαντι
473 1856 509 1924 δὲ
526 1859 684 1942 δαΐφρονι
699 1850 815 1942 θνμόν
833 1877 954 1938 ορινεν.

81 1954 127 2035 βῆ
145 1951 184 2020 δὲ
202 1950 259 2019 διά
279 1953 475 2042 προμάχων,
493 1953 562 2041 ἅμα
580 1954 616 2022 δέ
633 1951 758 2034 ξανθὸς
774 1955 956 2028 Μενέλαος.

75 2044 206 2134 Ἕκτωρ
227 2049 290 2137 μὲν
306 2053 520 2140 Πάτροκλον,
531 2055 601 2122 ἐπεὶ
611 2051 715 2122 κλντά
725 2047 826 2137 τεύχε’
840 2048 984 2136 ἀπηύρα,
998 2065 1047 2118 115

80 2145 157 2236 ἕλχ’,
175 2147 218 2217 ἵν’
236 2147 294 2220 ἀπ’
315 2152 434 2240 ύμοαν
450 2152 604 2242 κεφαλήν
619 2152 718 2239 τόμοι
734 2147 801 2232 ὀξέι
816 2155 937 2236 χαλκῷ,

78 2246 140 2315 τόν
159 2250 197 2318 δὲ
213 2251 321 2320 νέκνν
340 2259 498 2340 Τρωῇσιν
514 2251 740 2339 ἐρασσάμενος
757 2249 835 2318 κυσὶ
852 2252 934 2334 θοίη.

77 2354 165 2426 Αίας
183 2346 218 2416 δ’
236 2349 386 2436 ἀγρόθεν
401 2343 500 2438 ήλθε,
517 2352 632 2438 φέρων
649 2351 750 2428 σάκος
766 2346 847 2437 ήύτε
861 2346 1002 2434 πύργον.

69 2443 200 2535 Ἕκτωρ
219 2446 252 2516 δ’
271 2445 321 2532 ἀν
337 2455 371 2530 ἐς
387 2447 508 2538 ὅμιλον
518 2450 587 2538 ,cdv
603 2445 770 2536 ἀνεχάζεθ’
789 2448 938 2533 ἑταίρων,

77 2549 109 2625 ἐς
127 2551 255 2632 δίφρον
274 2545 307 2616 θ’
326 2547 510 2638 ἀνόρουσε·
529 2553 625 2618 δίδον
642 2545 674 2616 θ’
694 2545 751 2634 όχε
769 2544 886 2632 τεύχεα
896 2541 981 2614 καλά
994 2560 1044 2614 130

7 2649 9 2654 ’
79 2648 193 2731 Τρωσί
212 2652 330 2735 φέρειν
347 2649 446 2734 προτί
463 2647 559 2734 άστν,
577 2651 660 2736 μέγα
678 2651 773 2726 κλέος
790 2651 926 2732 ἔμμεναι
942 2641 1041 2733 αύτῷ.

77 2751 161 2824 Αἶας
179 2742 214 2812 θ’
232 2743 320 2872 ἀμφὶ
336 2748 548 2838 Μενοιτιάδη
563 2749 664 2828 σάκος
681 2743 765 2833 εὐρύ
780 2743 931 2826 καλύψας

73 2841 227 2932 εστήκειν
236 2848 284 2930 έός
296 2851 346 2927 τίς
357 2875 394 2918 τε
407 2855 496 2918 λέων
512 2849 588 2935 περὶ
605 2841 671 2916 οἷσι
686 2847 846 2930 τέκεσσιν,

72 2933 163 3032 φρά
180 2970 218 3014 τε
235 2943 324 3032 νήπά
344 2945 464 3034 ἀγοντι
481 2945 753 3034 συναντήσωνται
770 2947 808 3012 έν
823 2942 889 3030 ύλη

70 3011 194 3128 ἀνδρες
211 3044 452 3134 ἐπακτῆρες*
437 3073 455 3115 ο
474 3049 514 3116 δέ
527 3073 563 3118 τε
579 3053 697 3116 σθένει
710 3051 910 3133 βλεμεαίνει·
988 3056 1036 3111 131

72 3151 143 3212 πᾶν
162 3141 243 3214 δέ’
217 3173 237 3214 τ
263 3147 465 3216 ἐπισκύνιον
481 3146 572 3216 κάτω
589 3149 717 3214 ἕλκεται
734 3143 813 3214 ὄσσε
828 3143 1022 3212 καλύπτων

70 3239 113 3323 ἀς
130 3253 221 3326 Αίας
238 3248 317 3333 περὶ
333 3247 522 3336 Πατρόκλῳ
539 3245 626 3333 ήρωτ
641 3244 785 3332 βεβήκει.

65 3341 234 3433 Ἀτρείδης
251 3343 285 3415 δ’
305 3349 486 3433 ἑτέρωθεν,
519 3343 694 3433 ἀρηΐφιλος
709 3343 893 3425 Μενέλαος,

66 3445 207 3534 ἑστήκει,
226 3450 313 3534 μέγα
330 3451 461 3528 πένθος
476 3446 526 3516 ένί
543 3443 724 3531 στήθεσσιν
740 3437 854 3518 ἀέξων.
