2412 3918
195 279 255 342 214
531 279 752 339 ΙΛΙΑΔΟΣ
781 283 815 337 A.

195 449 224 510 εί
239 445 301 529 μὲν
319 439 359 530 δή
377 437 529 527 ἀντίβιον
546 436 612 506 σύν
627 437 758 522 τεύχεσι
775 444 978 525 πειρηθείης,

196 539 257 609 ούκ
275 539 318 608 άυ
334 565 386 608 τοι
402 543 579 638 χραίβμησι
595 533 669 623 βιός
685 536 740 602 καί
757 540 899 623 ταρφέες
917 541 977 605 ίοί·

194 646 260 707 νῦν
277 639 316 708 δέ
329 636 359 725 μ’
377 637 562 723 έπνγράψας
577 632 704 719 ταρσόν
721 632 824 714 ποδός
841 633 953 721 εύχεαι
969 632 1085 713 αὔτως.

196 735 258 806 ούκ
276 734 393 823 ἀλέγω,
412 742 493 805 ιισεί
506 761 546 822 με
562 731 648 820 γυνὴ
668 732 766 819 βάλοι
783 728 806 820 ή
823 734 901 814 πάϊς
918 735 1058 820 ἀφρων·

196 834 315 924 κωφόν
331 834 396 924 γάρ
415 839 511 921 βέλος
528 829 652 919 ἀνδρός
668 829 848 912 ἀνάλκιδος
866 831 1066 901 ούτιδανοῑο.
1097 841 1140 900 391

191 1031 255 1112 ὀξύ
272 1034 369 1120 βέλος
386 1037 527 1119 πέλεται,
545 1033 601 1100 καὶ
617 1029 760 1119 ἀκήριον
778 1030 858 1112 αἶψα
876 1037 1029 1117 τίθησιν·

195 1137 256 1198 τού
274 1135 310 1200 δὲ
325 1132 485 1218 γυναικός
500 1135 562 1218 μέν
578 1129 604 1199 τ’
620 1128 835 1217 ἀμφίδρυφοί
848 1133 913 1197 είσι
929 1129 1073 1215 παρειαὶ,

196 1234 311 1310 παῖδες
328 1227 359 1296 δ’
379 1227 571 1316 ὀρφανικοί·
595 1227 612 1298 ὁ
630 1231 668 1298 δέ
683 1227 717 1297 θ’
735 1233 846 1316 αἵματι
862 1241 962 1314 γαῖαν
978 1227 1126 1314 ἐρεύθων

195 1327 353 1413 πύθεται,
376 1331 489 1396 οἰωνοὶ
507 1327 543 1397 δὲ
558 1329 634 1415 περὶ
649 1331 744 1408 πλέες
760 1326 798 1414 ήὲ
813 1334 1003 1414 γυναῖκες.“
1098 1338 1141 1394 395

239 1423 300 1507 Ὦς
321 1427 424 1514 φάτο,
446 1435 507 1496 τοῦ
532 1425 564 1495 δ’
585 1427 742 1506 Ὀδυσεύς
763 1423 984 1511 δουρικλυτός
1005 1423 1141 1511 ἐγγύθεν

664 1522 776 1595 έλθτόν

196 1630 272 1711 ἔστη
290 1623 429 1709 πρόσθ’·
451 1623 469 1695 ὁ
487 1625 519 1693 δ’
538 1624 660 1695 ὄπισθε
677 1625 902 1711 καθεζόμενος
922 1628 1021 1712 βέλος
1037 1621 1105 1693 ύκύ

195 1737 231 1788 εκ
249 1719 352 1800 ποδὸς
367 1721 443 1809 ἕλκ’,
463 1723 568 1811 ὀδύνη
587 1729 623 1793 δὲ
638 1722 692 1792 διά
711 1721 811 1810 χροὸς
826 1717 903 1812 ἦλθ’
921 1721 1086 1812 ἀλεγεινή.

195 1821 228 1898 ές
246 1823 366 1910 δίφρον
384 1818 415 1890 δ’
435 1820 612 1910 ἀνόρουσε,
631 1825 686 1892 καὶ
701 1820 826 1912 ἡνιόχῳ
843 1826 1018 1892 ἐπέτελλεν

195 1920 315 2004 νηυσὶν
332 1924 384 1988 ἔπι
401 1927 614 2010 γλαφυρῇσιν
635 1923 828 2008 ἐλαυνέμεν·
851 1920 975 2008 ἤχθετο
994 1921 1060 2010 γὰρ
1077 1929 1139 2007 κήρ-

240 2020 356 2106 Οίύθη
368 2017 400 2086 δ’
415 2017 571 2100 Ὀδυσεύς
589 2016 818 2106 δουρικλυτός,
836 2017 919 2087 ούδέ
932 2045 981 2098 τις
997 2019 1087 2111 αύτῷ
1097 2036 1137 2087 1111

198 2123 348 2205 Αργείων
363 2123 568 2206 παρέμεινεν,
586 2124 656 2188 ἐπεὶ
672 2118 778 2206 φόβος
795 2124 914 2206 ἔλλαβε
930 2119 1075 2198 πάντας·

195 2212 342 2302 ὀχθήσας
360 2217 391 2285 δ’
409 2218 474 2302 ἀρα
491 2217 561 2287 είπε
578 2215 661 2304 πρὸς
677 2215 718 2286 δν
734 2217 943 2304 μεγαλήτορα
960 2215 1077 2303 θυμόν

236 2313 357 2400 ,Ὤμοι
384 2315 468 2402 έγιό,
496 2323 530 2384 τί
553 2317 670 2396 πάθοις
699 2318 783 2401 μέγα
810 2316 872 2401 μὲν
899 2312 1024 2400 κακὸν,
1052 2324 1089 2382 αί
1109 2339 1140 2380 κε

664 2418 815 2501 φέβωμαι

115 2519 119 2530 ’
195 2509 331 2596 πληθύν
351 2513 532 2601 ταρβήσας·
556 2513 593 2581 τό
612 2515 648 2583 δὲ
666 2517 783 2600 ῥίγιον,
803 2523 841 2582 αδ
853 2539 914 2598 κεν
930 2509 1030 2582 ἀλύω
1097 2527 1141 2580 1οό

194 2615 332 2693 μοῦνος·
354 2610 432 2691 τοὺς
450 2611 482 2680 δ’
501 2612 623 2691 ἄλλους
638 2609 798 2691 Δαναούς
815 2612 963 2698 ἐφόβησε
981 2619 1140 2700 Κρονίων.

193 2703 277 2776 ἀλλά
294 2718 345 2796 τίη
364 2737 420 2796 μοι
435 2718 539 2780 ταῦτα
555 2718 651 2797 φίλος
668 2713 831 2790 διελέξατο
848 2709 978 2796 θυμόςς

194 2803 266 2873 οἶδα
285 2805 350 2893 γάρ
366 2808 436 2876 όττι
451 2811 548 2878 κακοὶ
564 2809 626 2895 μέν
643 2807 836 2894 ἀποίχονται
852 2810 1024 2896 πολέμοιο,

193 2897 229 2980 ὃς
247 2906 284 2972 δέ
299 2904 327 2974 κ’
343 2905 535 2996 ἀριστεύῃσι
550 2908 638 2995 μάχη
655 2912 713 2993 ἔνι,
734 2905 795 2976 τόν
812 2907 847 2975 δὲ
864 2907 953 2994 μάλα
970 2907 1058 2993 χρεώ
1189 2995 1190 3000 ¹

192 3001 367 3087 ἑστάμεναι
384 3013 561 3091 κρατερῶς,
577 3004 625 3092 ἥτ’
644 3002 749 3093 ἔβλητ’
767 3003 817 3092 ἥτ’
833 3005 922 3093 ἔβαλ’
939 3006 1081 3077 ἀλλον.“
1098 3023 1143 3076 110

235 3093 342 3180 Εἷοςὸ
355 3102 451 3171 ταῦθ’
466 3103 610 3190 ὅρμαινε
621 3103 704 3173 κατά
721 3108 829 3191 φρένα
846 3107 902 3174 καλ
918 3105 1004 3176 κατά
1023 3105 1142 3193 θυμόν,

192 3194 301 3282 τόφρα
319 3198 351 3267 δ’
369 3202 422 3269 ἐπὶ
441 3203 567 3287 Τριόων
584 3208 688 3290 στίχες
703 3201 839 3291 ἤλυθον
854 3201 1065 3290 ἀσπιστάων,
1188 3245 1189 3270 ι

193 3298 293 3363 ἔλσαν
309 3295 341 3365 δ’
360 3302 398 3365 έν
415 3301 573 3387 μέσσοισι,
595 3303 676 3388 μετά
695 3309 789 3389 σφίσι
804 3309 898 3394 πῆμα
914 3309 1077 3387 τιθέντες.

193 3386 236 3468 ⁰59
255 3391 286 3460 δ’
304 3393 359 3465 ὀτε
375 3398 519 3483 κάπριον
536 3397 621 3490 ἀμφὶ
637 3401 736 3481 κύνες
753 3409 898 3491 θαλεροί
909 3401 935 3472 τ’
955 3408 1063 3490 αἰζηοὶ

193 3488 364 3581 σεύωνται,
382 3492 399 3564 ὁ
418 3499 456 3563 δέ
471 3495 495 3564 τ’
516 3496 578 3566 εἰσι
593 3505 732 3588 βαθείης
749 3503 786 3569 ἐκ
804 3502 957 3588 ξυλόχοιο
1101 3514 1144 3572 411
1187 3519 1188 3534 ³

1181 3803 1187 3865 1
