2470 3926
213 219 276 282 420
547 224 768 283 ΙΛΙΑΔΟΣ
795 224 833 282 Φ.

212 381 268 448 καὶ
283 388 386 451 πᾶσαι
401 390 523 474 κρῆναι
539 385 595 452 καί
611 388 751 470 φρείατα
767 380 877 471 μακρά
893 383 1054 453 νάουσιν·

212 474 297 547 ιἰλλδ
316 480 424 563 καλός
441 487 581 552 δείδοικε
597 479 681 560 Διός
697 481 853 568 μεγάλοιο
870 482 1040 572 κεραυνόν

213 578 329 667 δεινήν
342 606 378 649 τε
393 580 551 669 βροντήν,
569 578 615 649 ὅτ’
634 577 688 648 άιί
705 577 899 664 οὐρανόθεν
915 583 1145 672 σμαραγήσηέ*

251 669 294 745 'H
306 679 348 766 βα
376 683 432 748 καὶ
447 684 482 748 ἐκ
498 692 659 768 κρημνοῖο
672 677 834 767 ἐρύσσατο
846 681 989 768 χάλκεον
1000 687 1106 769 ἔγχος,
1118 697 1164 749 λου

212 774 274 842 τόν
290 777 325 844 δὲ
340 774 408 845 κατ’
427 776 551 847 αὐτόθι
566 786 687 865 λεῖπεν,
704 780 775 848 ἐπεὶ
791 784 893 865 φίλον
907 773 989 868 ήτορ
1006 779 1150 868 άπηύρα,

213 879 368 960 κείμενον
383 881 420 946 ἐν
436 879 631 965 ψαμάθοισι,
650 881 756 946 δίαινε
773 880 812 946 δέ
824 905 883 964 μιν
898 882 1003 966 μέλαν
1019 877 1124 963 ὕδωρ.

213 970 275 1040 τόν
289 973 351 1060 μέν
368 969 419 1060 ἄρ’
435 979 584 1063 ἐγχέλυές
597 1002 633 1044 τε
648 977 704 1044 καὶ
721 976 836 1062 ίχθύες
853 974 1096 1064 ἀμφεπένοντο,

214 1070 323 1158 δημόν
339 1075 553 1162 ἐρεπτόμενοι
567 1079 797 1163 ἐπινεφρίδιον
812 1082 994 1164 κείροντες·

214 1167 321 1258 αὐτάρ
337 1168 355 1240 ὁ
371 1179 414 1259 βῆ
432 1172 464 1262 β’
483 1179 568 1243 ίέναι
583 1172 664 1261 μετὰ
680 1180 830 1254 Παίονας
846 1172 1108 1262 ίπποαορυστάς,
1119 1189 1164 1243 905

215 1273 249 1338 οἳ
263 1269 295 1358 ῤ’
314 1277 361 1340 έτι
377 1272 445 1360 πάρ
461 1271 613 1361 ποταμόν
627 1274 820 1361 πεφοβήατο
839 1273 1005 1362 δινήεντα,

215 1368 259 1449 ὡς
275 1367 365 1438 εἶδον
380 1369 441 1440 τὸν
457 1371 594 1456 ἄριστον
610 1375 659 1442 ἐυλ
674 1381 818 1462 κρατερῇ
832 1371 957 1462 ὑσμίνῃ

215 1465 304 1556 χέρσ’
323 1466 389 1537 ὕπο
405 1475 570 1557 Πηλείδαο
587 1473 643 1540 καὶ
658 1471 735 1560 άορι
751 1471 803 1558 ίφι
820 1473 972 1558 δαμέντα.

215 1563 285 1635 ἐνθ’
302 1569 355 1636 ἕλε
372 1570 573 1657 Θερσίλοχόν
588 1597 624 1638 τε
640 1569 796 1639 Μύδωνά
811 1596 847 1639 τε
860 1569 1069 1640 Ἀστύπυλόν
1083 1596 1120 1638 τε

215 1666 363 1754 Μνῆσόν
378 1693 413 1736 τε
424 1673 572 1757 Θρασίον
580 1696 615 1738 τε
625 1671 681 1739 καὶ
691 1680 813 1740 Λίυιον
822 1669 878 1759 ἠδ’
890 1668 1108 1758 Ὀφελέστην·
1119 1685 1168 1738 λλο

214 1771 274 1836 καί
286 1765 329 1833 νύ
345 1763 373 1834 κ’
391 1774 438 1836 έτι
453 1771 594 1850 πλέονας
608 1771 709 1838 κτάνε
724 1775 872 1850 Παίονας
889 1767 978 1850 ὠκύς
991 1764 1164 1856 Ἀχιλλεύς,
1220 1813 1221 1818 1

215 1870 247 1932 εί
259 1863 303 1952 μή
320 1865 509 1954 χωσάμενος
525 1873 677 1957 προσέφη
695 1869 841 1956 ποταμός
854 1874 1053 1957 βαθυδίνης,
1220 1859 1221 1937 λ

215 1961 311 2048 άνέρι
325 1963 506 2054 εἰσάμενος,
522 1968 648 2055 βαθέης
665 1966 698 2034 δ’
716 1971 752 2035 ἐκ
769 1971 937 2053 φθέγξατο
953 1971 1063 2054 δίνης·

266 2053 331 2150 „³³2
351 2061 493 2152 Ἀχιλεῦ,
516 2069 592 2151 περὶ
614 2068 675 2153 μὲν
698 2070 860 2153 κρατέεις,
888 2068 965 2154 περὶ
988 2065 1023 2133 δ’
1047 2072 1165 2133 αίσυλα

728 2167 808 2246 έζεις
1075 2224 1078 2228 .
1219 2191 1220 2214 ³

214 2266 365 2349 ανδρῶν·
388 2265 451 2332 αίεὶ
466 2263 531 2350 γάρ
548 2290 598 2332 τοι
615 2168 804 2351 άμύνόυσιν
820 2265 897 2332 θεοὶ
914 2261 1019 2332 αύτοί.
1117 2275 1165 2328 215

214 2371 247 2430 εί
259 2387 311 2430 τοι
328 2369 444 2449 Τροΐας
461 2367 563 2432 ἔδωκε
578 2365 717 2448 Κρόνου
736 2377 814 2442 παῖς
830 2363 958 2442 πάντας
975 2359 1121 2446 ὀλέσσαι,

212 2463 247 2542 ἐξ
263 2462 383 2548 ἐμέθεν
399 2461 426 2548 μ’
446 2463 565 2544 ἐλάσας
581 2467 698 2532 πεδίον
714 2461 798 2530 κάτα
812 2465 958 2548 μέρμερα
971 2461 1060 2547 ῥέζε·

212 2559 336 2648 πλήθει
352 2559 417 2648 γάρ
435 2562 478 2649 δή
497 2589 554 2648 μοι
570 2563 703 2631 νεκύων
720 2559 872 2649 ἐρατεινὰ
891 2562 1027 2647 ῥέεθρα,
1105 2597 1113 2608 ·
1218 2573 1219 2580 ’

119 2679 134 2698 “
213 2657 294 2728 ούδέ
306 2666 340 2727 τί
354 2683 398 2746 πη
417 2665 563 2746 δνναμαι
579 2666 733 2750 προχέειν
750 2661 832 2748 ῥόον
850 2664 896 2739 είς
913 2658 977 2727 ἅλα
995 2662 1074 2726 δῖαν

213 2757 425 2845 στεινόμενος
442 2758 605 2848 νεκύεσσι,
629 2759 671 2828 σύ
691 2761 727 2829 δὲ
744 2766 882 2838 κτείνεις
899 2755 1050 2844 ἀϊδήλως.
1116 2769 1165 2822 22⁰

211 2856 278 2928 ἀλλ’
298 2857 359 2946 άμε
376 2859 416 2946 δή
433 2863 489 2928 καί
506 2865 621 2928 ἔασον·
644 2860 707 2947 ἄγη
725 2858 756 2947 μ’
775 2863 849 2945 ἐχει,
868 2856 993 2944 ὄρχαμε
1010 2860 1135 2924 λαόυ.“

254 2957 323 3027 Τὸν
340 2958 374 3026 δ’
386 2956 650 3047 ἀπαμειβόμενος
667 2960 817 3045 προσέφη
837 2955 941 3036 πόδας
959 2951 1050 3034 ὠκύς
1064 2955 1163 3039 Ἀχιλ-
1217 3005 1218 3034 ,

700 3058 779 3138 λεύς

210 3164 326 3247 ,ἔσται
342 3164 457 3242 ταῦτα,
469 3158 673 3246 Σκάμανδρε
694 3155 878 3243 διοτρεφές,
891 3150 936 3234 ὡς
953 3150 996 3220 σά
1012 3150 1159 3230 κελεύεις.

213 3265 330 3342 Τρῶας
350 3254 381 3324 δ’
402 3253 444 3324 ού
460 3259 540 3344 πρίν
558 3258 645 3344 λήξω
663 3254 893 3343 ὑπερφιάλους
910 3255 1080 3340 ἐναρίζων,

211 3357 292 3438 πρὶν
308 3359 401 3422 ἔλσαι
416 3353 500 3423 κατὰ
518 3353 604 3423 ἄστυ
620 3357 676 3424 καὶ
689 3354 824 3440 Ἕκτορι
840 3357 1043 3440 πειρηθῆναι
1112 3361 1160 3417 ²2⁵

212 3449 374 3539 άντιβίην,
391 3449 414 3538 ή
429 3455 487 3520 κέν
505 3480 545 3541 με
562 3454 773 3542 δαμάσσεται,
791 3449 815 3541 ἥ
830 3477 891 3521 κεν
907 3449 971 3540 ey&
987 3450 1082 3520 τόυ.“
