<?xml version="1.0" encoding="UTF-8"?>
<!DOCTYPE html PUBLIC "-//W3C//DTD XHTML 1.0 Transitional//EN"
    "http://www.w3.org/TR/xhtml1/DTD/xhtml1-transitional.dtd">
<html xmlns="http://www.w3.org/1999/xhtml" xml:lang="en" lang="en">
 <head>
  <title>
</title>
<meta http-equiv="Content-Type" content="text/html;charset=utf-8" />
  <meta name='ocr-system' content='tesseract 3.04.00' />
  <meta name='ocr-capabilities' content='ocr_page ocr_carea ocr_par ocr_line ocrx_word'/>
</head>
<body>
  <div class='ocr_page' id='page_1' title='image "./homericarminaad01baumgoog_0528.png"; bbox 0 0 2470 3926; ppageno 0'>
   <div class='ocr_carea' id='block_1_1' title="bbox 408 192 1057 300">
    <p class='ocr_par' dir='ltr' id='par_1_1' title="bbox 408 192 1057 300">
     <span class='ocr_line' id='line_1_1' title="bbox 408 192 1057 300; baseline 0.015 -10"><span class='ocrx_word' id='word_1_1' title='bbox 408 192 628 293; x_wconf 73' lang='grc' dir='ltr'><strong><em>τΛεΑκοΣ</em></strong></span> <span class='ocrx_word' id='word_1_2' title='bbox 657 236 742 292; x_wconf 84' lang='lat' dir='ltr'>xx11.</span> <span class='ocrx_word' id='word_1_3' title='bbox 994 235 1057 300; x_wconf 80' lang='grc'><strong><em>443</em></strong></span> 
     </span>
    </p>
   </div>
   <div class='ocr_carea' id='block_1_2' title="bbox 83 388 1057 3554">
    <p class='ocr_par' dir='ltr' id='par_1_2' title="bbox 101 388 1057 579">
     <span class='ocr_line' id='line_1_2' title="bbox 101 388 1057 482; baseline 0.01 -24"><span class='ocrx_word' id='word_1_4' title='bbox 101 393 165 458; x_wconf 81' lang='grc' dir='ltr'><strong><em>νῦν</em></strong></span> <span class='ocrx_word' id='word_1_5' title='bbox 185 389 222 458; x_wconf 73' lang='grc' dir='ltr'><strong><em>δὲ</em></strong></span> <span class='ocrx_word' id='word_1_6' title='bbox 241 388 282 476; x_wconf 82' lang='grc' dir='ltr'><strong><em>δή</em></strong></span> <span class='ocrx_word' id='word_1_7' title='bbox 302 391 424 477; x_wconf 87' lang='grc' dir='ltr'><strong><em>έγγύθι</em></strong></span> <span class='ocrx_word' id='word_1_8' title='bbox 442 418 499 478; x_wconf 93' lang='grc' dir='ltr'><strong><em>μοι</em></strong></span> <span class='ocrx_word' id='word_1_9' title='bbox 516 392 665 473; x_wconf 86' lang='grc' dir='ltr'><strong><em>θάνατος</em></strong></span> <span class='ocrx_word' id='word_1_10' title='bbox 684 391 796 482; x_wconf 83' lang='grc' dir='ltr'><strong><em>κακός,</em></strong></span> <span class='ocrx_word' id='word_1_11' title='bbox 816 395 898 467; x_wconf 79' lang='grc' dir='ltr'><strong><em>οὐδέ</em></strong></span> <span class='ocrx_word' id='word_1_12' title='bbox 911 395 937 466; x_wconf 84' lang='grc' dir='ltr'><strong><em>τ’</em></strong></span> <span class='ocrx_word' id='word_1_13' title='bbox 954 395 1057 467; x_wconf 85' lang='grc' dir='ltr'><strong><em>ἀνευ-</em></strong></span> 
     </span>
     <span class='ocr_line' id='line_1_3' title="bbox 598 503 1057 579; baseline 0 -19"><span class='ocrx_word' id='word_1_14' title='bbox 598 503 673 579; x_wconf 89' lang='grc' dir='ltr'><strong><em>θεν,</em></strong></span> <span class='ocrx_word' id='word_1_15' title='bbox 1004 512 1057 568; x_wconf 79' lang='lat'><strong><em>300</em></strong></span> 
     </span>
    </p>

    <p class='ocr_par' dir='ltr' id='par_1_3' title="bbox 97 582 937 682">
     <span class='ocr_line' id='line_1_4' title="bbox 97 582 937 682; baseline 0.012 -29"><span class='ocrx_word' id='word_1_16' title='bbox 97 584 174 654; x_wconf 81' lang='grc' dir='ltr'><strong><em>οὐδ’</em></strong></span> <span class='ocrx_word' id='word_1_17' title='bbox 193 587 289 677; x_wconf 81' lang='grc' dir='ltr'><strong><em>ἀλέη·</em></strong></span> <span class='ocrx_word' id='word_1_18' title='bbox 309 582 332 677; x_wconf 82' lang='grc' dir='ltr'><strong><em>ἦ</em></strong></span> <span class='ocrx_word' id='word_1_19' title='bbox 348 590 412 676; x_wconf 89' lang='grc' dir='ltr'><strong><em>γάρ</em></strong></span> <span class='ocrx_word' id='word_1_20' title='bbox 430 592 473 676; x_wconf 79' lang='grc' dir='ltr'><strong><em>ῥα</em></strong></span> <span class='ocrx_word' id='word_1_21' title='bbox 489 589 593 660; x_wconf 81' lang='grc' dir='ltr'><strong><em>πάλαι</em></strong></span> <span class='ocrx_word' id='word_1_22' title='bbox 609 591 687 678; x_wconf 87' lang='grc' dir='ltr'><strong><em>τόγε</em></strong></span> <span class='ocrx_word' id='word_1_23' title='bbox 703 599 862 680; x_wconf 76' lang='grc' dir='ltr'><strong><em>φίλτερον</em></strong></span> <span class='ocrx_word' id='word_1_24' title='bbox 876 587 937 682; x_wconf 87' lang='grc' dir='ltr'><strong><em>ήεν</em></strong></span> 
     </span>
    </p>

    <p class='ocr_par' dir='ltr' id='par_1_4' title="bbox 96 687 950 781">
     <span class='ocr_line' id='line_1_5' title="bbox 96 687 950 781; baseline 0.008 -27"><span class='ocrx_word' id='word_1_25' title='bbox 96 693 186 773; x_wconf 88' lang='grc' dir='ltr'><strong><em>Ζηνί</em></strong></span> <span class='ocrx_word' id='word_1_26' title='bbox 198 713 234 755; x_wconf 90' lang='grc' dir='ltr'><strong><em>τε</em></strong></span> <span class='ocrx_word' id='word_1_27' title='bbox 252 690 309 758; x_wconf 86' lang='grc' dir='ltr'><strong><em>καὶ</em></strong></span> <span class='ocrx_word' id='word_1_28' title='bbox 324 687 409 769; x_wconf 83' lang='grc' dir='ltr'><strong><em>Διὸς</em></strong></span> <span class='ocrx_word' id='word_1_29' title='bbox 425 693 493 757; x_wconf 77' lang='grc' dir='ltr'><strong><em>υἱεῖ</em></strong></span> <span class='ocrx_word' id='word_1_30' title='bbox 506 691 667 780; x_wconf 76' lang='grc' dir='ltr'><strong><em>ἑκηβόλῳ,</em></strong></span> <span class='ocrx_word' id='word_1_31' title='bbox 685 695 719 759; x_wconf 80' lang='grc' dir='ltr'><strong><em>οἵ</em></strong></span> <span class='ocrx_word' id='word_1_32' title='bbox 732 717 773 778; x_wconf 89' lang='grc' dir='ltr'><strong><em>με</em></strong></span> <span class='ocrx_word' id='word_1_33' title='bbox 790 691 896 781; x_wconf 91' lang='grc' dir='ltr'><strong><em>πάρος</em></strong></span> <span class='ocrx_word' id='word_1_34' title='bbox 911 720 950 780; x_wconf 90' lang='grc' dir='ltr'><strong><em>γε</em></strong></span> 
     </span>
    </p>

    <p class='ocr_par' dir='ltr' id='par_1_5' title="bbox 96 782 979 879">
     <span class='ocr_line' id='line_1_6' title="bbox 96 782 979 879; baseline 0.01 -26"><span class='ocrx_word' id='word_1_35' title='bbox 96 785 290 874; x_wconf 90' lang='grc' dir='ltr'><strong><em>πρόφρονες</em></strong></span> <span class='ocrx_word' id='word_1_36' title='bbox 307 790 454 875; x_wconf 75' lang='grc' dir='ltr'><em>εἰρύατο·</em></span> <span class='ocrx_word' id='word_1_37' title='bbox 473 797 540 858; x_wconf 87' lang='grc' dir='ltr'><strong><em>νῦν</em></strong></span> <span class='ocrx_word' id='word_1_38' title='bbox 556 782 638 861; x_wconf 85' lang='grc' dir='ltr'><strong><em>αὐτέ</em></strong></span> <span class='ocrx_word' id='word_1_39' title='bbox 652 817 692 877; x_wconf 92' lang='grc' dir='ltr'><strong><em>με</em></strong></span> <span class='ocrx_word' id='word_1_40' title='bbox 725 804 827 877; x_wconf 79' lang='grc' dir='ltr'><strong><em>μοῖρα</em></strong></span> <span class='ocrx_word' id='word_1_41' title='bbox 844 793 979 879; x_wconf 90' lang='grc' dir='ltr'><strong><em>κιχάνει.</em></strong></span> 
     </span>
    </p>

    <p class='ocr_par' dir='ltr' id='par_1_6' title="bbox 94 882 887 978">
     <span class='ocr_line' id='line_1_7' title="bbox 94 882 887 978; baseline 0.006 -25"><span class='ocrx_word' id='word_1_42' title='bbox 94 882 140 972; x_wconf 81' lang='grc' dir='ltr'><strong><em>μή</em></strong></span> <span class='ocrx_word' id='word_1_43' title='bbox 160 883 231 972; x_wconf 89' lang='grc' dir='ltr'><strong><em>μάυ</em></strong></span> <span class='ocrx_word' id='word_1_44' title='bbox 248 884 397 956; x_wconf 93' lang='grc' dir='ltr'><strong><em>ἀσπουδί</em></strong></span> <span class='ocrx_word' id='word_1_45' title='bbox 409 914 448 974; x_wconf 94' lang='grc' dir='ltr'><strong><em>γε</em></strong></span> <span class='ocrx_word' id='word_1_46' title='bbox 464 890 520 957; x_wconf 82' lang='grc' dir='ltr'><strong><em>καὶ</em></strong></span> <span class='ocrx_word' id='word_1_47' title='bbox 535 887 675 968; x_wconf 77' lang='grc' dir='ltr'><strong><em>ἀκλειῶς</em></strong></span> <span class='ocrx_word' id='word_1_48' title='bbox 692 887 887 978; x_wconf 88' lang='grc' dir='ltr'><strong><em>ἀπολοίμην,</em></strong></span> 
     </span>
    </p>

    <p class='ocr_par' dir='ltr' id='par_1_7' title="bbox 95 981 1053 1177">
     <span class='ocr_line' id='line_1_8' title="bbox 95 981 1053 1074; baseline 0.013 -24"><span class='ocrx_word' id='word_1_49' title='bbox 95 981 181 1051; x_wconf 88' lang='grc' dir='ltr'><strong><em>ἀλλά</em></strong></span> <span class='ocrx_word' id='word_1_50' title='bbox 198 987 283 1070; x_wconf 78' lang='grc' dir='ltr'><strong><em>μέγα</em></strong></span> <span class='ocrx_word' id='word_1_51' title='bbox 300 988 394 1073; x_wconf 80' lang='grc' dir='ltr'><strong><em>ῥέξας</em></strong></span> <span class='ocrx_word' id='word_1_52' title='bbox 412 1011 443 1054; x_wconf 92' lang='grc' dir='ltr'><strong><em>τι</em></strong></span> <span class='ocrx_word' id='word_1_53' title='bbox 459 988 515 1056; x_wconf 84' lang='grc' dir='ltr'><strong><em>καὶ</em></strong></span> <span class='ocrx_word' id='word_1_54' title='bbox 532 990 738 1074; x_wconf 79' lang='grc' dir='ltr'><strong><em>ἐσσομένοισι</em></strong></span> <span class='ocrx_word' id='word_1_55' title='bbox 754 994 960 1059; x_wconf 80' lang='grc' dir='ltr'><strong><em>πνθέσθαι.“</em></strong></span> <span class='ocrx_word' id='word_1_56' title='bbox 1002 1007 1053 1062; x_wconf 79' lang='grc'><strong><em>305</em></strong></span> 
     </span>
     <span class='ocr_line' id='line_1_9' title="bbox 141 1080 939 1177; baseline 0.009 -26"><span class='ocrx_word' id='word_1_57' title='bbox 141 1080 204 1164; x_wconf 79' lang='grc' dir='ltr'><strong><em>Ὣς</em></strong></span> <span class='ocrx_word' id='word_1_58' title='bbox 222 1082 287 1169; x_wconf 87' lang='grc' dir='ltr'><strong><em>ἀρα</em></strong></span> <span class='ocrx_word' id='word_1_59' title='bbox 303 1086 464 1174; x_wconf 82' lang='grc' dir='ltr'><strong><em>φωνήσας</em></strong></span> <span class='ocrx_word' id='word_1_60' title='bbox 481 1086 656 1172; x_wconf 86' lang='grc' dir='ltr'><strong><em>είρύσσατο</em></strong></span> <span class='ocrx_word' id='word_1_61' title='bbox 674 1088 852 1174; x_wconf 84' lang='grc' dir='ltr'><strong><em>φάσγανον</em></strong></span> <span class='ocrx_word' id='word_1_62' title='bbox 869 1088 939 1177; x_wconf 84' lang='grc' dir='ltr'><strong><em>όξύ,</em></strong></span> 
     </span>
    </p>

    <p class='ocr_par' dir='ltr' id='par_1_8' title="bbox 92 1178 1019 1274">
     <span class='ocr_line' id='line_1_10' title="bbox 92 1178 1019 1274; baseline 0.009 -25"><span class='ocrx_word' id='word_1_63' title='bbox 92 1179 134 1249; x_wconf 92' lang='grc' dir='ltr'><strong><em>τό</em></strong></span> <span class='ocrx_word' id='word_1_64' title='bbox 151 1185 187 1250; x_wconf 83' lang='grc' dir='ltr'><strong><em>οἱ</em></strong></span> <span class='ocrx_word' id='word_1_65' title='bbox 201 1178 267 1250; x_wconf 84' lang='grc' dir='ltr'><strong><em>ὑπὸ</em></strong></span> <span class='ocrx_word' id='word_1_66' title='bbox 284 1183 438 1270; x_wconf 86' lang='grc' dir='ltr'><strong><em>λαπάρην</em></strong></span> <span class='ocrx_word' id='word_1_67' title='bbox 453 1187 566 1253; x_wconf 83' lang='grc' dir='ltr'><strong><em>τέτατο</em></strong></span> <span class='ocrx_word' id='word_1_68' title='bbox 583 1189 667 1271; x_wconf 91' lang='grc' dir='ltr'><strong><em>με’γα</em></strong></span> <span class='ocrx_word' id='word_1_69' title='bbox 683 1213 717 1254; x_wconf 92' lang='grc' dir='ltr'><strong><em>τε</em></strong></span> <span class='ocrx_word' id='word_1_70' title='bbox 735 1188 896 1274; x_wconf 91' lang='grc' dir='ltr'><strong><em>στιβαρόν</em></strong></span> <span class='ocrx_word' id='word_1_71' title='bbox 912 1215 957 1271; x_wconf 91' lang='grc' dir='ltr'><strong><em>τε,</em></strong></span> <span class='ocrx_word' id='word_1_72' title='bbox 1018 1193 1019 1198; x_wconf 69' lang='grc'>’</span> 
     </span>
    </p>

    <p class='ocr_par' dir='ltr' id='par_1_9' title="bbox 93 1280 827 1373">
     <span class='ocr_line' id='line_1_11' title="bbox 93 1280 827 1373; baseline 0.004 -24"><span class='ocrx_word' id='word_1_73' title='bbox 93 1289 236 1369; x_wconf 75' lang='grc' dir='ltr'><strong><em>οἴμησεν</em></strong></span> <span class='ocrx_word' id='word_1_74' title='bbox 254 1284 289 1351; x_wconf 71' lang='grc' dir='ltr'><strong><em>δὲ</em></strong></span> <span class='ocrx_word' id='word_1_75' title='bbox 306 1280 394 1363; x_wconf 82' lang='grc' dir='ltr'><strong><em>ἀλεὶς</em></strong></span> <span class='ocrx_word' id='word_1_76' title='bbox 411 1280 484 1351; x_wconf 73' lang='grc' dir='ltr'><strong><em>ὥστ’</em></strong></span> <span class='ocrx_word' id='word_1_77' title='bbox 503 1281 611 1364; x_wconf 84' lang='grc' dir='ltr'><strong><em>αίετός</em></strong></span> <span class='ocrx_word' id='word_1_78' title='bbox 626 1281 827 1373; x_wconf 79' lang='grc' dir='ltr'><strong><em>ὑψιπετήεις,</em></strong></span> 
     </span>
    </p>

    <p class='ocr_par' dir='ltr' id='par_1_10' title="bbox 93 1379 859 1473">
     <span class='ocr_line' id='line_1_12' title="bbox 93 1379 859 1473; baseline 0.004 -24"><span class='ocrx_word' id='word_1_79' title='bbox 93 1379 164 1449; x_wconf 83' lang='grc' dir='ltr'><strong><em>ὅστ’</em></strong></span> <span class='ocrx_word' id='word_1_80' title='bbox 182 1381 267 1450; x_wconf 84' lang='grc' dir='ltr'><strong><em>είσιυ</em></strong></span> <span class='ocrx_word' id='word_1_81' title='bbox 282 1386 435 1473; x_wconf 76' lang='grc' dir='ltr'><strong><em>πεδίονδε</em></strong></span> <span class='ocrx_word' id='word_1_82' title='bbox 453 1381 507 1451; x_wconf 88' lang='grc' dir='ltr'><strong><em>διά</em></strong></span> <span class='ocrx_word' id='word_1_83' title='bbox 525 1388 656 1470; x_wconf 78' lang='grc' dir='ltr'><strong><em>νεφέων</em></strong></span> <span class='ocrx_word' id='word_1_84' title='bbox 673 1387 859 1470; x_wconf 78' lang='grc' dir='ltr'><strong><em>ἐρεβεννῶν</em></strong></span> 
     </span>
    </p>

    <p class='ocr_par' dir='ltr' id='par_1_11' title="bbox 93 1477 1051 1570">
     <span class='ocr_line' id='line_1_13' title="bbox 93 1477 1051 1570; baseline 0.003 -22"><span class='ocrx_word' id='word_1_85' title='bbox 93 1477 255 1567; x_wconf 78' lang='grc' dir='ltr'><strong><em>ἁρπάξων</em></strong></span> <span class='ocrx_word' id='word_1_86' title='bbox 272 1479 293 1569; x_wconf 79' lang='grc' dir='ltr'><em>ἢ</em></span> <span class='ocrx_word' id='word_1_87' title='bbox 311 1481 382 1568; x_wconf 84' lang='grc' dir='ltr'><strong><em>ἀρύ</em></strong></span> <span class='ocrx_word' id='word_1_88' title='bbox 401 1480 532 1570; x_wconf 79' lang='grc' dir='ltr'><strong><em>ἀμαλὴν</em></strong></span> <span class='ocrx_word' id='word_1_89' title='bbox 547 1479 570 1570; x_wconf 84' lang='grc' dir='ltr'><strong><em>ή</em></strong></span> <span class='ocrx_word' id='word_1_90' title='bbox 586 1489 700 1551; x_wconf 79' lang='grc' dir='ltr'><strong><em>πτῶκα</em></strong></span> <span class='ocrx_word' id='word_1_91' title='bbox 714 1482 862 1569; x_wconf 88' lang='grc' dir='ltr'><strong><em>λαγωόν·</em></strong></span> <span class='ocrx_word' id='word_1_92' title='bbox 999 1499 1051 1552; x_wconf 86' lang='grc'><strong><em>310</em></strong></span> 
     </span>
    </p>

    <p class='ocr_par' dir='ltr' id='par_1_12' title="bbox 94 1576 872 1668">
     <span class='ocr_line' id='line_1_14' title="bbox 94 1576 872 1668; baseline 0.001 -21"><span class='ocrx_word' id='word_1_93' title='bbox 94 1576 140 1660; x_wconf 75' lang='grc' dir='ltr'><strong><em>ἀύς</em></strong></span> <span class='ocrx_word' id='word_1_94' title='bbox 148 1578 276 1668; x_wconf 82' lang='grc' dir='ltr'><strong><em>Ἕκτωρ</em></strong></span> <span class='ocrx_word' id='word_1_95' title='bbox 294 1591 409 1668; x_wconf 76' lang='grc' dir='ltr'><strong><em>οἴμησε</em></strong></span> <span class='ocrx_word' id='word_1_96' title='bbox 424 1582 592 1650; x_wconf 86' lang='grc' dir='ltr'><strong><em>τινάσσων</em></strong></span> <span class='ocrx_word' id='word_1_97' title='bbox 609 1582 785 1668; x_wconf 87' lang='grc' dir='ltr'><strong><em>φάσγανον</em></strong></span> <span class='ocrx_word' id='word_1_98' title='bbox 802 1579 872 1662; x_wconf 76' lang='grc' dir='ltr'><strong><em>ὀξύ.</em></strong></span> 
     </span>
    </p>

    <p class='ocr_par' dir='ltr' id='par_1_13' title="bbox 92 1677 987 1769">
     <span class='ocr_line' id='line_1_15' title="bbox 92 1677 987 1769; baseline -0.001 -21"><span class='ocrx_word' id='word_1_99' title='bbox 92 1677 239 1768; x_wconf 73' lang='grc' dir='ltr'><strong><em>ὡρμήθη</em></strong></span> <span class='ocrx_word' id='word_1_100' title='bbox 257 1680 290 1749; x_wconf 85' lang='grc' dir='ltr'><strong><em>δ’</em></strong></span> <span class='ocrx_word' id='word_1_101' title='bbox 311 1680 466 1769; x_wconf 78' lang='grc' dir='ltr'><strong><em>Ἀχιλεὺς,</em></strong></span> <span class='ocrx_word' id='word_1_102' title='bbox 483 1683 600 1768; x_wconf 84' lang='grc' dir='ltr'><strong><em>μένεος</em></strong></span> <span class='ocrx_word' id='word_1_103' title='bbox 616 1678 649 1749; x_wconf 86' lang='grc' dir='ltr'><strong><em>δ’</em></strong></span> <span class='ocrx_word' id='word_1_104' title='bbox 668 1679 856 1768; x_wconf 83' lang='grc' dir='ltr'><strong><em>ἐμπλήσατο</em></strong></span> <span class='ocrx_word' id='word_1_105' title='bbox 872 1677 987 1766; x_wconf 87' lang='grc' dir='ltr'><strong><em>θυμόν</em></strong></span> 
     </span>
    </p>

    <p class='ocr_par' dir='ltr' id='par_1_14' title="bbox 93 1777 906 1870">
     <span class='ocr_line' id='line_1_16' title="bbox 93 1777 906 1870; baseline -0.002 -23"><span class='ocrx_word' id='word_1_106' title='bbox 93 1777 226 1868; x_wconf 89' lang='grc' dir='ltr'><strong><em>ἀγρίου,</em></strong></span> <span class='ocrx_word' id='word_1_107' title='bbox 244 1780 397 1870; x_wconf 80' lang='grc' dir='ltr'><strong><em>πρόσθεν</em></strong></span> <span class='ocrx_word' id='word_1_108' title='bbox 414 1782 451 1850; x_wconf 76' lang='grc' dir='ltr'><strong><em>δέ</em></strong></span> <span class='ocrx_word' id='word_1_109' title='bbox 469 1780 572 1860; x_wconf 89' lang='grc' dir='ltr'><strong><em>σάκος</em></strong></span> <span class='ocrx_word' id='word_1_110' title='bbox 589 1783 738 1867; x_wconf 80' lang='grc' dir='ltr'><strong><em>στέρνοιο</em></strong></span> <span class='ocrx_word' id='word_1_111' title='bbox 755 1779 906 1859; x_wconf 77' lang='grc' dir='ltr'><strong><em>κάλυψεν</em></strong></span> 
     </span>
    </p>

    <p class='ocr_par' dir='ltr' id='par_1_15' title="bbox 94 1877 903 1975">
     <span class='ocr_line' id='line_1_17' title="bbox 94 1877 903 1975; baseline -0.006 -25"><span class='ocrx_word' id='word_1_112' title='bbox 94 1877 202 1950; x_wconf 81' lang='grc' dir='ltr'><strong><em>καλὸν</em></strong></span> <span class='ocrx_word' id='word_1_113' title='bbox 231 1881 417 1968; x_wconf 87' lang='grc' dir='ltr'><strong><em>δαιδάλεον,</em></strong></span> <span class='ocrx_word' id='word_1_114' title='bbox 435 1881 561 1975; x_wconf 87' lang='grc' dir='ltr'><strong><em>κόρυθι</em></strong></span> <span class='ocrx_word' id='word_1_115' title='bbox 578 1877 610 1947; x_wconf 90' lang='grc' dir='ltr'><strong><em>δ’</em></strong></span> <span class='ocrx_word' id='word_1_116' title='bbox 627 1881 763 1948; x_wconf 77' lang='grc' dir='ltr'><strong><em>ἐπένευε</em></strong></span> <span class='ocrx_word' id='word_1_117' title='bbox 781 1885 903 1965; x_wconf 81' lang='grc' dir='ltr'><strong><em>φαεινῇ</em></strong></span> 
     </span>
    </p>

    <p class='ocr_par' dir='ltr' id='par_1_16' title="bbox 92 1980 1050 2071">
     <span class='ocr_line' id='line_1_18' title="bbox 92 1980 1050 2071; baseline -0.006 -23"><span class='ocrx_word' id='word_1_118' title='bbox 92 1980 306 2071; x_wconf 76' lang='grc' dir='ltr'><strong><em>τετραφάλῳ·</em></strong></span> <span class='ocrx_word' id='word_1_119' title='bbox 324 1983 422 2049; x_wconf 79' lang='grc' dir='ltr'><strong><em>καλαί</em></strong></span> <span class='ocrx_word' id='word_1_120' title='bbox 439 1981 475 2048; x_wconf 76' lang='grc' dir='ltr'><strong><em>δέ</em></strong></span> <span class='ocrx_word' id='word_1_121' title='bbox 492 1983 717 2062; x_wconf 89' lang='grc' dir='ltr'><strong><em>περισσείοντο</em></strong></span> <span class='ocrx_word' id='word_1_122' title='bbox 735 1981 862 2063; x_wconf 77' lang='grc' dir='ltr'><strong><em>ἔθειραι</em></strong></span> <span class='ocrx_word' id='word_1_123' title='bbox 997 1987 1050 2044; x_wconf 77' lang='grc'><strong><em>313</em></strong></span> 
     </span>
    </p>

    <p class='ocr_par' dir='ltr' id='par_1_17' title="bbox 91 2073 1051 2168">
     <span class='ocr_line' id='line_1_19' title="bbox 91 2073 1051 2168; baseline -0.007 -21"><span class='ocrx_word' id='word_1_124' title='bbox 91 2079 241 2166; x_wconf 83' lang='grc' dir='ltr'><strong><em>χρύσεαι,</em></strong></span> <span class='ocrx_word' id='word_1_125' title='bbox 262 2075 300 2160; x_wconf 83' lang='grc' dir='ltr'><strong><em>ἀς</em></strong></span> <span class='ocrx_word' id='word_1_126' title='bbox 308 2077 491 2165; x_wconf 87' lang='grc' dir='ltr'><strong><em>Ἥφαιστος</em></strong></span> <span class='ocrx_word' id='word_1_127' title='bbox 505 2083 548 2146; x_wconf 80' lang='grc' dir='ltr'><strong><em>ῒει</em></strong></span> <span class='ocrx_word' id='word_1_128' title='bbox 563 2076 672 2163; x_wconf 89' lang='grc' dir='ltr'><strong><em>λόφον</em></strong></span> <span class='ocrx_word' id='word_1_129' title='bbox 688 2073 774 2162; x_wconf 77' lang='grc' dir='ltr'><strong><em>ἀμφὶ</em></strong></span> <span class='ocrx_word' id='word_1_130' title='bbox 787 2073 936 2160; x_wconf 87' lang='grc' dir='ltr'><strong><em>θαμειάς.</em></strong></span> <span class='ocrx_word' id='word_1_131' title='bbox 1047 2159 1051 2168; x_wconf 29' lang='grc' dir='ltr'>ι</span> 
     </span>
    </p>

    <p class='ocr_par' dir='ltr' id='par_1_18' title="bbox 91 2171 951 2265">
     <span class='ocr_line' id='line_1_20' title="bbox 91 2171 951 2265; baseline -0.007 -20"><span class='ocrx_word' id='word_1_132' title='bbox 91 2172 163 2256; x_wconf 85' lang='grc' dir='ltr'><strong><em>οἷος</em></strong></span> <span class='ocrx_word' id='word_1_133' title='bbox 181 2175 213 2244; x_wconf 87' lang='grc' dir='ltr'><strong><em>δ’</em></strong></span> <span class='ocrx_word' id='word_1_134' title='bbox 232 2174 338 2265; x_wconf 86' lang='grc' dir='ltr'><strong><em>ἀστήρ</em></strong></span> <span class='ocrx_word' id='word_1_135' title='bbox 356 2176 418 2244; x_wconf 81' lang='grc' dir='ltr'><strong><em>εἶσι</em></strong></span> <span class='ocrx_word' id='word_1_136' title='bbox 435 2174 500 2264; x_wconf 89' lang='grc' dir='ltr'><strong><em>μετ’</em></strong></span> <span class='ocrx_word' id='word_1_137' title='bbox 520 2174 660 2263; x_wconf 85' lang='grc' dir='ltr'><strong><em>ἀστράσι</em></strong></span> <span class='ocrx_word' id='word_1_138' title='bbox 676 2171 798 2253; x_wconf 82' lang='grc' dir='ltr'><strong><em>νυκτὸς</em></strong></span> <span class='ocrx_word' id='word_1_139' title='bbox 814 2171 951 2261; x_wconf 76' lang='grc' dir='ltr'><strong><em>ἀμολγῷ</em></strong></span> 
     </span>
    </p>

    <p class='ocr_par' dir='ltr' id='par_1_19' title="bbox 90 2270 964 2366">
     <span class='ocr_line' id='line_1_21' title="bbox 90 2270 964 2366; baseline -0.006 -22"><span class='ocrx_word' id='word_1_140' title='bbox 90 2277 241 2364; x_wconf 81' lang='grc' dir='ltr'><strong><em>ἕσπερος,</em></strong></span> <span class='ocrx_word' id='word_1_141' title='bbox 259 2273 296 2356; x_wconf 79' lang='grc' dir='ltr'><strong><em>ὃς</em></strong></span> <span class='ocrx_word' id='word_1_142' title='bbox 311 2275 486 2356; x_wconf 88' lang='grc' dir='ltr'><strong><em>κάλλιστος</em></strong></span> <span class='ocrx_word' id='word_1_143' title='bbox 501 2279 539 2345; x_wconf 80' lang='grc' dir='ltr'><strong><em>ἐν</em></strong></span> <span class='ocrx_word' id='word_1_144' title='bbox 556 2274 690 2366; x_wconf 78' lang='grc' dir='ltr'><strong><em>οὐρανῷ</em></strong></span> <span class='ocrx_word' id='word_1_145' title='bbox 706 2279 834 2342; x_wconf 79' lang='grc' dir='ltr'><strong><em>ἵσταται</em></strong></span> <span class='ocrx_word' id='word_1_146' title='bbox 849 2270 964 2358; x_wconf 86' lang='grc' dir='ltr'><strong><em>ἀστήρ,</em></strong></span> 
     </span>
    </p>

    <p class='ocr_par' dir='ltr' id='par_1_20' title="bbox 90 2368 930 2464">
     <span class='ocr_line' id='line_1_22' title="bbox 90 2368 930 2464; baseline -0.006 -20"><span class='ocrx_word' id='word_1_147' title='bbox 90 2372 136 2455; x_wconf 75' lang='grc' dir='ltr'><strong><em>ἀς</em></strong></span> <span class='ocrx_word' id='word_1_148' title='bbox 153 2380 272 2464; x_wconf 83' lang='grc' dir='ltr'><strong><em>αίχμής</em></strong></span> <span class='ocrx_word' id='word_1_149' title='bbox 289 2373 451 2462; x_wconf 80' lang='grc' dir='ltr'><strong><em>ἀπέλαμτί</em></strong></span> <span class='ocrx_word' id='word_1_150' title='bbox 469 2373 617 2462; x_wconf 91' lang='grc' dir='ltr'><strong><em>εὐήκεος,</em></strong></span> <span class='ocrx_word' id='word_1_151' title='bbox 634 2372 679 2462; x_wconf 78' lang='grc' dir='ltr'><strong><em>ἢν</em></strong></span> <span class='ocrx_word' id='word_1_152' title='bbox 695 2371 744 2459; x_wconf 88' lang='grc' dir='ltr'><strong><em>ἀρ’</em></strong></span> <span class='ocrx_word' id='word_1_153' title='bbox 766 2368 930 2460; x_wconf 87' lang='grc' dir='ltr'><strong><em>Ἀχιλλεύς</em></strong></span> 
     </span>
    </p>

    <p class='ocr_par' dir='ltr' id='par_1_21' title="bbox 89 2473 1048 2563">
     <span class='ocr_line' id='line_1_23' title="bbox 89 2473 1048 2563; baseline -0.002 -20"><span class='ocrx_word' id='word_1_154' title='bbox 89 2474 219 2544; x_wconf 87' lang='grc' dir='ltr'><strong><em>πάλλεν</em></strong></span> <span class='ocrx_word' id='word_1_155' title='bbox 236 2479 383 2563; x_wconf 82' lang='grc' dir='ltr'><strong><em>δεξιτερῇ</em></strong></span> <span class='ocrx_word' id='word_1_156' title='bbox 402 2478 558 2561; x_wconf 79' lang='grc' dir='ltr'><strong><em>φρονέων</em></strong></span> <span class='ocrx_word' id='word_1_157' title='bbox 573 2473 681 2542; x_wconf 82' lang='grc' dir='ltr'><strong><em>κακὸν</em></strong></span> <span class='ocrx_word' id='word_1_158' title='bbox 689 2473 823 2560; x_wconf 82' lang='grc' dir='ltr'><strong><em>Ἕκτορι</em></strong></span> <span class='ocrx_word' id='word_1_159' title='bbox 840 2477 910 2562; x_wconf 83' lang='grc' dir='ltr'><strong><em>δίφ,</em></strong></span> <span class='ocrx_word' id='word_1_160' title='bbox 996 2487 1048 2542; x_wconf 77' lang='grc'><strong><em>320</em></strong></span> 
     </span>
    </p>

    <p class='ocr_par' dir='ltr' id='par_1_22' title="bbox 89 2571 847 2660">
     <span class='ocr_line' id='line_1_24' title="bbox 89 2571 847 2660; baseline -0.003 -18"><span class='ocrx_word' id='word_1_161' title='bbox 89 2574 255 2660; x_wconf 79' lang='grc' dir='ltr'><strong><em>εἰσορόων</em></strong></span> <span class='ocrx_word' id='word_1_162' title='bbox 271 2573 355 2658; x_wconf 84' lang='grc' dir='ltr'><strong><em>χρόα</em></strong></span> <span class='ocrx_word' id='word_1_163' title='bbox 371 2571 485 2660; x_wconf 84' lang='grc' dir='ltr'><strong><em>καλὸν,</em></strong></span> <span class='ocrx_word' id='word_1_164' title='bbox 504 2573 569 2660; x_wconf 85' lang='grc' dir='ltr'><strong><em>όπη</em></strong></span> <span class='ocrx_word' id='word_1_165' title='bbox 589 2579 682 2654; x_wconf 77' lang='grc' dir='ltr'><strong><em>είξειε</em></strong></span> <span class='ocrx_word' id='word_1_166' title='bbox 697 2573 847 2660; x_wconf 89' lang='grc' dir='ltr'><strong><em>μάλιστα.</em></strong></span> 
     </span>
    </p>

    <p class='ocr_par' dir='ltr' id='par_1_23' title="bbox 89 2671 1012 2760">
     <span class='ocr_line' id='line_1_25' title="bbox 89 2671 1012 2760; baseline -0.001 -20"><span class='ocrx_word' id='word_1_167' title='bbox 89 2679 152 2741; x_wconf 87' lang='grc' dir='ltr'><strong><em>τοῦ</em></strong></span> <span class='ocrx_word' id='word_1_168' title='bbox 172 2673 215 2758; x_wconf 36' lang='grc' dir='ltr'><strong><em>δὲ,</em></strong></span> <span class='ocrx_word' id='word_1_169' title='bbox 227 2673 282 2740; x_wconf 80' lang='grc' dir='ltr'><strong><em>καὶ</em></strong></span> <span class='ocrx_word' id='word_1_170' title='bbox 300 2671 382 2740; x_wconf 85' lang='grc' dir='ltr'><strong><em>ἀλλο</em></strong></span> <span class='ocrx_word' id='word_1_171' title='bbox 399 2673 500 2741; x_wconf 87' lang='grc' dir='ltr'><strong><em>τόσου</em></strong></span> <span class='ocrx_word' id='word_1_172' title='bbox 517 2673 580 2760; x_wconf 72' lang='grc' dir='ltr'><strong><em>μέν</em></strong></span> <span class='ocrx_word' id='word_1_173' title='bbox 597 2679 648 2759; x_wconf 79' lang='grc' dir='ltr'><strong><em>ἔχε</em></strong></span> <span class='ocrx_word' id='word_1_174' title='bbox 664 2672 748 2760; x_wconf 91' lang='grc' dir='ltr'><strong><em>χρόα</em></strong></span> <span class='ocrx_word' id='word_1_175' title='bbox 763 2672 886 2760; x_wconf 88' lang='grc' dir='ltr'><strong><em>χάλκεα</em></strong></span> <span class='ocrx_word' id='word_1_176' title='bbox 901 2671 1012 2760; x_wconf 89' lang='grc' dir='ltr'><strong><em>τεύχη,</em></strong></span> 
     </span>
    </p>

    <p class='ocr_par' dir='ltr' id='par_1_24' title="bbox 88 2767 911 2860">
     <span class='ocr_line' id='line_1_26' title="bbox 88 2767 911 2860; baseline 0 -20"><span class='ocrx_word' id='word_1_177' title='bbox 88 2769 188 2856; x_wconf 87' lang='grc' dir='ltr'><strong><em>καλά,</em></strong></span> <span class='ocrx_word' id='word_1_178' title='bbox 205 2767 247 2837; x_wconf 83' lang='grc' dir='ltr'><strong><em>τὰ</em></strong></span> <span class='ocrx_word' id='word_1_179' title='bbox 264 2769 474 2857; x_wconf 88' lang='grc' dir='ltr'><strong><em>Πατρόκλοιο</em></strong></span> <span class='ocrx_word' id='word_1_180' title='bbox 491 2778 569 2860; x_wconf 87' lang='grc' dir='ltr'><strong><em>βίην</em></strong></span> <span class='ocrx_word' id='word_1_181' title='bbox 585 2773 714 2857; x_wconf 82' lang='grc' dir='ltr'><strong><em>ἐνάριξε</em></strong></span> <span class='ocrx_word' id='word_1_182' title='bbox 731 2772 911 2851; x_wconf 89' lang='grc' dir='ltr'><strong><em>κατακτάς·</em></strong></span> 
     </span>
    </p>

    <p class='ocr_par' dir='ltr' id='par_1_25' title="bbox 87 2862 953 2959">
     <span class='ocr_line' id='line_1_27' title="bbox 87 2862 953 2959; baseline -0.002 -20"><span class='ocrx_word' id='word_1_183' title='bbox 87 2878 229 2959; x_wconf 89' lang='grc' dir='ltr'><strong><em>φαίνετο</em></strong></span> <span class='ocrx_word' id='word_1_184' title='bbox 246 2868 279 2937; x_wconf 91' lang='grc' dir='ltr'><strong><em>δ’</em></strong></span> <span class='ocrx_word' id='word_1_185' title='bbox 300 2862 325 2959; x_wconf 75' lang='grc' dir='ltr'><em>ᾗ</em></span> <span class='ocrx_word' id='word_1_186' title='bbox 340 2873 476 2958; x_wconf 78' lang='grc' dir='ltr'><strong><em>κληῗδες</em></strong></span> <span class='ocrx_word' id='word_1_187' title='bbox 491 2869 545 2939; x_wconf 87' lang='grc' dir='ltr'><strong><em>ἀπ’</em></strong></span> <span class='ocrx_word' id='word_1_188' title='bbox 564 2869 666 2958; x_wconf 80' lang='grc' dir='ltr'><strong><em>ἀμων</em></strong></span> <span class='ocrx_word' id='word_1_189' title='bbox 681 2868 789 2957; x_wconf 88' lang='grc' dir='ltr'><strong><em>αὐχέν’</em></strong></span> <span class='ocrx_word' id='word_1_190' title='bbox 808 2877 953 2956; x_wconf 77' lang='grc' dir='ltr'><strong><em>ἔχουσιν,</em></strong></span> 
     </span>
    </p>

    <p class='ocr_par' dir='ltr' id='par_1_26' title="bbox 87 2969 1047 3058">
     <span class='ocr_line' id='line_1_28' title="bbox 87 2969 1047 3058; baseline -0.001 -19"><span class='ocrx_word' id='word_1_191' title='bbox 87 2975 287 3057; x_wconf 90' lang='grc' dir='ltr'><strong><em>λαυκανίην,</em></strong></span> <span class='ocrx_word' id='word_1_192' title='bbox 305 2972 362 3037; x_wconf 77' lang='grc' dir='ltr'><strong><em>ἵνα</em></strong></span> <span class='ocrx_word' id='word_1_193' title='bbox 377 2996 412 3037; x_wconf 86' lang='grc' dir='ltr'><strong><em>τε</em></strong></span> <span class='ocrx_word' id='word_1_194' title='bbox 428 2977 535 3058; x_wconf 81' lang='grc' dir='ltr'><strong><em>ψυχῆς</em></strong></span> <span class='ocrx_word' id='word_1_195' title='bbox 552 2969 692 3050; x_wconf 76' lang='grc' dir='ltr'><strong><em>ὤκιστος</em></strong></span> <span class='ocrx_word' id='word_1_196' title='bbox 707 2969 863 3054; x_wconf 72' lang='grc' dir='ltr'><strong><em>ὄλεθρος</em></strong></span> <span class='ocrx_word' id='word_1_197' title='bbox 996 2984 1047 3038; x_wconf 74' lang='grc'><strong><em>335</em></strong></span> 
     </span>
    </p>

    <p class='ocr_par' dir='ltr' id='par_1_27' title="bbox 83 3062 938 3160">
     <span class='ocr_line' id='line_1_29' title="bbox 83 3062 938 3160; baseline -0.006 -20"><span class='ocrx_word' id='word_1_198' title='bbox 83 3078 128 3160; x_wconf 79' lang='grc' dir='ltr'><strong><em>τῇ</em></strong></span> <span class='ocrx_word' id='word_1_199' title='bbox 147 3067 176 3157; x_wconf 81' lang='grc' dir='ltr'><strong><em>ῥ’</em></strong></span> <span class='ocrx_word' id='word_1_200' title='bbox 193 3069 246 3136; x_wconf 80' lang='grc' dir='ltr'><strong><em>ἐπὶ</em></strong></span> <span class='ocrx_word' id='word_1_201' title='bbox 262 3062 297 3136; x_wconf 76' lang='grc' dir='ltr'><strong><em>οἱ</em></strong></span> <span class='ocrx_word' id='word_1_202' title='bbox 309 3067 451 3154; x_wconf 79' lang='grc' dir='ltr'><strong><em>μεμαῶτ’</em></strong></span> <span class='ocrx_word' id='word_1_203' title='bbox 468 3067 561 3138; x_wconf 73' lang='grc' dir='ltr'><strong><em>ἔλπετ’</em></strong></span> <span class='ocrx_word' id='word_1_204' title='bbox 579 3074 667 3155; x_wconf 78' lang='grc' dir='ltr'><strong><em>ἔγχει</em></strong></span> <span class='ocrx_word' id='word_1_205' title='bbox 681 3072 751 3147; x_wconf 82' lang='grc' dir='ltr'><strong><em>δῖος</em></strong></span> <span class='ocrx_word' id='word_1_206' title='bbox 762 3065 938 3155; x_wconf 75' lang='grc' dir='ltr'><strong><em>Ἀχιλλεὺς,</em></strong></span> 
     </span>
    </p>

    <p class='ocr_par' dir='ltr' id='par_1_28' title="bbox 84 3163 920 3254">
     <span class='ocr_line' id='line_1_30' title="bbox 84 3163 920 3254; baseline -0.005 -15"><span class='ocrx_word' id='word_1_207' title='bbox 84 3164 232 3254; x_wconf 88' lang='grc' dir='ltr'><strong><em>ἀντικρύ</em></strong></span> <span class='ocrx_word' id='word_1_208' title='bbox 251 3163 283 3234; x_wconf 84' lang='grc' dir='ltr'><strong><em>δ’</em></strong></span> <span class='ocrx_word' id='word_1_209' title='bbox 302 3163 442 3235; x_wconf 79' lang='grc' dir='ltr'><strong><em>ἀπαλοίο</em></strong></span> <span class='ocrx_word' id='word_1_210' title='bbox 461 3165 499 3234; x_wconf 89' lang='grc' dir='ltr'><strong><em>δι’</em></strong></span> <span class='ocrx_word' id='word_1_211' title='bbox 520 3164 660 3254; x_wconf 83' lang='grc' dir='ltr'><strong><em>αὐχένος</em></strong></span> <span class='ocrx_word' id='word_1_212' title='bbox 675 3163 772 3254; x_wconf 78' lang='grc' dir='ltr'><strong><em>ἤλυθ’</em></strong></span> <span class='ocrx_word' id='word_1_213' title='bbox 791 3163 920 3254; x_wconf 85' lang='grc' dir='ltr'><strong><em>ἀκωκή·</em></strong></span> 
     </span>
    </p>

    <p class='ocr_par' dir='ltr' id='par_1_29' title="bbox 84 3261 983 3354">
     <span class='ocr_line' id='line_1_31' title="bbox 84 3261 983 3354; baseline -0.006 -17"><span class='ocrx_word' id='word_1_214' title='bbox 84 3267 164 3338; x_wconf 88' lang='grc' dir='ltr'><strong><em>οὐδ’</em></strong></span> <span class='ocrx_word' id='word_1_215' title='bbox 183 3264 232 3350; x_wconf 87' lang='grc' dir='ltr'><strong><em>ἀρ’</em></strong></span> <span class='ocrx_word' id='word_1_216' title='bbox 255 3261 310 3334; x_wconf 89' lang='grc' dir='ltr'><strong><em>ἀπ’</em></strong></span> <span class='ocrx_word' id='word_1_217' title='bbox 327 3262 526 3352; x_wconf 87' lang='grc' dir='ltr'><strong><em>ἀσφάραγον</em></strong></span> <span class='ocrx_word' id='word_1_218' title='bbox 541 3273 636 3354; x_wconf 86' lang='grc' dir='ltr'><strong><em>μελίη</em></strong></span> <span class='ocrx_word' id='word_1_219' title='bbox 654 3266 736 3352; x_wconf 88' lang='grc' dir='ltr'><strong><em>τάμε</em></strong></span> <span class='ocrx_word' id='word_1_220' title='bbox 751 3265 983 3352; x_wconf 86' lang='grc' dir='ltr'><strong><em>χαλκοβάρεια,</em></strong></span> 
     </span>
    </p>

    <p class='ocr_par' dir='ltr' id='par_1_30' title="bbox 84 3364 909 3455">
     <span class='ocr_line' id='line_1_32' title="bbox 84 3364 909 3455; baseline -0.008 -18"><span class='ocrx_word' id='word_1_221' title='bbox 84 3369 179 3455; x_wconf 81' lang='grc' dir='ltr'><strong><em>ὄφρα</em></strong></span> <span class='ocrx_word' id='word_1_222' title='bbox 195 3374 230 3436; x_wconf 92' lang='grc' dir='ltr'><strong><em>τί</em></strong></span> <span class='ocrx_word' id='word_1_223' title='bbox 243 3393 302 3454; x_wconf 90' lang='grc' dir='ltr'><strong><em>μιν</em></strong></span> <span class='ocrx_word' id='word_1_224' title='bbox 317 3371 501 3452; x_wconf 89' lang='grc' dir='ltr'><strong><em>προτιείποι</em></strong></span> <span class='ocrx_word' id='word_1_225' title='bbox 517 3364 734 3454; x_wconf 88' lang='grc' dir='ltr'><strong><em>ἀμειβόμενος</em></strong></span> <span class='ocrx_word' id='word_1_226' title='bbox 749 3366 909 3432; x_wconf 82' lang='grc' dir='ltr'><strong><em>ἐπέεσσιν.</em></strong></span> 
     </span>
    </p>

    <p class='ocr_par' dir='ltr' id='par_1_31' title="bbox 85 3459 1047 3554">
     <span class='ocr_line' id='line_1_33' title="bbox 85 3459 1047 3554; baseline -0.002 -20"><span class='ocrx_word' id='word_1_227' title='bbox 85 3467 187 3554; x_wconf 85' lang='grc' dir='ltr'><strong><em>ήριπε</em></strong></span> <span class='ocrx_word' id='word_1_228' title='bbox 203 3462 236 3550; x_wconf 34' lang='grc' dir='ltr'><strong><em>δ’,</em></strong></span> <span class='ocrx_word' id='word_1_229' title='bbox 253 3467 291 3532; x_wconf 80' lang='grc' dir='ltr'><strong><em>ἐν</em></strong></span> <span class='ocrx_word' id='word_1_230' title='bbox 306 3470 436 3552; x_wconf 84' lang='grc' dir='ltr'><strong><em>κονίης·</em></strong></span> <span class='ocrx_word' id='word_1_231' title='bbox 453 3461 471 3532; x_wconf 85' lang='grc' dir='ltr'>ὁ</span> <span class='ocrx_word' id='word_1_232' title='bbox 490 3463 521 3531; x_wconf 85' lang='grc' dir='ltr'><strong><em>δ’</em></strong></span> <span class='ocrx_word' id='word_1_233' title='bbox 540 3465 697 3544; x_wconf 81' lang='grc' dir='ltr'><strong><em>ἐπεύξατο</em></strong></span> <span class='ocrx_word' id='word_1_234' title='bbox 716 3468 785 3542; x_wconf 80' lang='grc' dir='ltr'><strong><em>δῖος</em></strong></span> <span class='ocrx_word' id='word_1_235' title='bbox 802 3459 965 3548; x_wconf 79' lang='grc' dir='ltr'><strong><em>Ἀχιλλεύς</em></strong></span> <span class='ocrx_word' id='word_1_236' title='bbox 994 3477 1047 3532; x_wconf 77' lang='grc'><strong><em>333</em></strong></span> 
     </span>
    </p>
   </div>
   <div class='ocr_carea' id='block_1_3' title="bbox 0 0 1240 3926">
    <p class='ocr_par' dir='ltr' id='par_1_32' title="bbox 0 0 1240 3926">
     <span class='ocr_line' id='line_1_34' title="bbox 0 0 1240 3926; baseline 0 3"><span class='ocrx_word' id='word_1_237' title='bbox 0 0 1240 3926; x_wconf 95' lang='lat' dir='ltr'><strong><em> </em></strong></span> 
     </span>
    </p>
   </div>
  </div>
 </body>
</html>
