2442 3922
190 248 249 312 ιοο
470 313 480 334 .
525 243 744 304 1A1AA02
763 245 798 300 α

233 404 287 476 T&
307 409 342 476 δέ
357 402 488 478 πεσόντ’
504 408 616 491 ἐλέησε
631 405 732 489 μέγας
752 401 961 490 Τελαμώνιος
977 412 1075 482 Δίας·
1086 417 1142 472 610

188 516 250 595 στή
266 508 302 575 δὲ
316 505 391 592 μάλ’
408 503 506 592 έγγδς
522 501 593 588 ἰών,
611 503 667 570 καὶ
683 499 837 570 ἀκόντισε
855 504 950 584 δουρὶ
965 509 1105 591 φαεινῷ,

187 608 242 676 καὶ
258 607 523 694 βάλενἍμφιον,
538 603 693 689 Σελάγου
709 601 796 683 υίδν,
813 600 850 680 ὅς
866 599 895 687 ῥ’
910 603 958 670 ένὶ
972 607 1089 691 Παισῷ

186 719 258 772 ναῖε
274 703 495 792 πολυκτήμων
522 702 716 789 πολυλήιος·
731 697 814 770 ἀλλά
832 702 849 769 έ
876 713 977 788 μοῖρα

186 797 235 890 ἦγ’
252 805 516 892 ἐπικουρήσοντα
531 802 611 890 μετά
626 801 780 887 Πρίαμόν
796 826 831 868 τε
849 801 903 868 καὶ
920 795 1003 880 υἷας.
1019 866 1022 870 ,

185 902 246 970 τόν
261 904 303 987 ῥα
316 901 399 970 κατὰ
416 909 563 989 ζωστῆρα
578 899 680 988 βάλεν
698 901 908 986 Τελαμώνιος
922 909 1017 986 Αἶας,
1088 915 1141 968 615

184 1008 313 1089 νειαίρῃ
329 1001 361 1070 δ’
379 1005 416 1070 έν
431 1004 548 1089 γαστρὶ
566 1001 654 1087 πάγη
671 999 879 1085 δολιχόσκιον
894 1006 998 1086 ἔγχος,

185 1101 355 1187 δούπησεν
371 1103 407 1172 δὲ
422 1103 545 1170 πεσών.
578 1098 596 1170 ὁ
614 1098 647 1168 δ’
663 1099 826 1185 ἐπέδραμε
841 1104 997 1185 φαίδιμος
1011 1107 1099 1178 Αίας

183 1198 300 1285 τεύχεα
316 1201 486 1287 συλήσων·
507 1206 618 1284 Τρῶες
633 1195 665 1266 δ’
683 1199 735 1266 ἐπὶ
751 1195 883 1282 δούρατ’
899 1205 1018 1284 ἔχευαν

183 1296 269 1384 ὀξέα,
284 1299 550 1386 παμφανόωντα·
568 1298 670 1378 σάκος
685 1296 718 1366 δ’
733 1296 908 1379 ἀνεδέξατο
924 1299 1041 1368 πολλά.

182 1395 290 1486 αάτάρ
306 1395 325 1468 ὁ
341 1399 401 1480 λάξ
418 1399 568 1488 προσβάς
582 1401 619 1468 ἐκ
635 1405 759 1486 νεκροῦ
774 1399 916 1484 χάλκεον
931 1403 1024 1485 ἔγχος
1088 1413 1143 1468 ὀλο

182 1497 353 1566 ἐσπάσατ’·
369 1496 447 1566 οὐδ’
463 1497 513 1582 ἀρ’
531 1496 572 1566 ἔτ’
588 1497 672 1566 ἀλλα
689 1497 857 1585 δυνήσατο
873 1497 990 1585 τεύχεα
1006 1499 1092 1568 καλά

183 1594 300 1680 ώμοιιν
315 1593 515 1680 ἀφελέσθαι·
532 1600 678 1682 ἐπείγετο
694 1594 758 1682 γάρ
774 1598 954 1684 βελέεσσιν.

182 1699 270 1762 δεῖσε
286 1691 320 1758 δ’
335 1690 385 1778 ὅγ’
400 1692 585 1781 ἀμφίβασιν
601 1694 767 1782 κρατερήν
785 1698 912 1782 Τρώων
925 1695 1117 1783 ἀγερώχων,

182 1799 216 1862 οδ
229 1797 349 1862 πολλοί
361 1819 397 1860 τε
412 1795 468 1862 καὶ
482 1796 597 1862 ἐσθλοὶ
613 1798 798 1879 ἐφέστασαν
815 1793 893 1880 έγχέ
912 1801 1053 1882 ἔχοντες,

182 1895 216 1960 οἵ
229 1893 254 1978 ἑ,
271 1894 377 1979 μέγαν
392 1917 455 1979 περ
471 1893 570 1962 έόντα
583 1895 638 1962 καὶ
653 1903 797 1981 ἴφθιμον
813 1897 868 1964 καὶ
884 1891 1026 1982 ἀγαυὸν,
1087 1910 1142 1966 625
1215 1915 1216 1943 ·

182 1983 274 2060 ώσαν
290 1991 355 2062 ἀπό
372 2000 514 2079 σφείων·
530 1991 548 2062 ὁ
565 1998 601 2063 δὲ
617 1996 823 2080 χασσάμενος
838 2001 1032 2084 πελεμίχθη.

214 2087 277 2172 Ὦς
291 2097 325 2161 οί
337 2096 399 2180 μέν
415 2099 576 2162 πονέοντο
591 2093 674 2162 κατά
690 2094 857 2181 κρατερήν
871 2091 1032 2181 ὑσμίνην·

185 2189 404 2278 Τληπόλεμον
420 2191 452 2260 δ’
462 2190 692 2280 Ἡρακλείδην,
709 2190 777 2278 ήόν
792 2219 827 2262 τε
843 2195 949 2279 μέγαν
963 2220 1009 2280 τε,
1212 2215 1213 2261 λ

181 2281 290 2374 ώρσεν
306 2288 354 2356 ἐπ’
371 2289 515 2379 ἀντιθέῳ
534 2291 731 2377 Σαρπηδόνι
763 2305 862 2374 μοῖρα
878 2292 1029 2380 κραταιή.
1211 2307 1212 2367 λ

181 2390 214 2453 οί
230 2384 262 2454 δ’
278 2385 333 2454 ὅτε
350 2384 390 2473 δή
408 2386 528 2473 σχεδόν
542 2382 628 2476 ἦσαν
644 2387 692 2458 ἐπ’
708 2387 902 2476 ἀλλήλοισιν
917 2391 1034 2480 ἰόντες,
1085 2409 1142 2464 630
1210 2399 1211 2474 λ

181 2483 254 2564 υίός
266 2482 301 2552 θ’
317 2485 439 2566 νίωνός
454 2514 490 2556 τε
504 2487 588 2567 Διὸς
603 2491 875 2576 νεφεληγερέταο,

180 2583 241 2652 τόν
255 2585 310 2653 καί
329 2585 541 2673 Τληπόλεμος
556 2586 717 2671 πρότερος
732 2585 818 2682 πρός
832 2596 947 2674 μῦθον
964 2596 1078 2659 ἔειπεν

221 2689 436 2771 ,Σαρπήδοη
454 2691 590 2754 Λυκίων
605 2685 808 2773 βουληφόρε,
825 2693 874 2766 τίς
890 2713 941 2756 τοι
956 2687 1089 2779 ἀνάγκη

180 2783 342 2852 πτώσσειν
358 2784 478 2852 ἐνθάδ’
495 2785 584 2854 ἐόντι
599 2785 704 2872 μάχης
719 2781 884 2872 ἀδαήμονι
900 2792 990 2872 φωτί
993 2815 1003 2870 3

179 2882 380 2968 ψευδόμενοι
395 2887 435 2952 δέ
448 2888 488 2952 σέ
501 2904 583 2968 φασι
597 2881 680 2962 Διός
695 2883 800 2969 γόνον
814 2884 976 2970 αἰγιόχοιο
1084 2901 1142 2959 636

179 2981 274 3064 εἶναι,
290 2982 359 3048 ἐπεὶ
375 2979 501 3050 πολλόν
517 2989 638 3050 κείνων
651 2984 819 3050 έπιδευεαι
835 2980 971 3068 ἀνδρώυ

178 3087 213 3148 οἳ
226 3081 308 3159 Διὸς
323 3083 510 3166 ἐξεγένοντο
525 3084 577 3151 ἐπὶ
590 3088 761 3168 προτέρων
775 3081 981 3170 ἀνθρώπων,

177 3176 246 3248 ἀλλ’
264 3173 337 3248 οἷόν
353 3180 428 3248 τινά
446 3201 529 3266 φασι
545 3187 622 3268 βίην
631 3177 851 3268 Ἡρακληείην

177 3279 272 3364 εἶναι,
287 3278 369 3364 έμόν
384 3281 508 3363 πατέρα
523 3283 786 3366 θρασυμέμνονα
811 3285 1038 3368 θυμολέοντα·

177 3377 215 3458 ὅς
229 3402 307 3446 ποτε
323 3375 411 3463 δεῦρ’
426 3375 539 3446 ἐλθών
554 3377 635 3465 ἕνεχ’
650 3383 763 3448 ἵππων
777 3386 1010 3466 Λαομέδοντος
1083 3399 1140 3456 64⁰

176 3481 211 3558 ἒξ
228 3485 298 3564 οίης
314 3499 380 3546 σνν
395 3478 494 3564 νηυσί
512 3479 568 3546 καλ
583 3475 726 3564 ἀνδράσι
739 3486 995 3567 παυροτέροισιν
