2442 3922
384 233 605 292 ΙΛΙΑΔΟΣ
627 237 661 290 V.
960 232 1000 296 85

69 387 161 478 ἔλθηά
180 394 213 470 ἐς
231 393 386 479 πόλεμον,
405 389 496 479 τήνγ’
516 389 663 480 οὐτάμεν
682 393 750 474 ὀξέι·
766 403 911 486 χαλκῷ.“

95 487 133 557 Ἡ
145 491 204 576 μὲν
221 489 271 576 ἄρ’
292 489 337 570 όός
356 488 483 560 είποῦσ’
503 489 609 580 άπέβη
628 503 820 578 γλαυκῶπις
836 491 972 583 Ἀθήνη,

68 594 207 676 Τυδείδης
227 589 258 657 δ’
279 593 406 671 ἐξαῦτις
425 587 487 658 ίόν
505 591 725 678 προμάχοισιν
744 597 878 682 ἐμίχθη·

67 690 124 774 καί,
135 695 209 775 πρίν
228 713 291 774 περ
310 697 413 780 θυμῷ
431 690 565 777 μεμαώς
585 698 736 778 Τρώεσσι
753 693 929 781 μάχεσθαι,
954 711 1002 766 135

68 787 97 874 δή
115 789 181 857 τότε
199 818 258 876 μιν
277 794 346 876 τρίς
363 790 487 858 τόσσον
506 794 581 860 ἕλευ
599 794 708 878 μένος,
728 791 812 861 ὥστε
832 799 959 882 λέοντα,

65 887 97 954 όν
112 889 150 974 ῥά
167 916 201 957 τε
220 889 346 978 ποιμήν
365 888 456 982 άγρῷ
477 888 524 958 ἐπ’
545 891 733 976 εἰροπόκοις
751 889 877 960 όίεσσιν

64 988 174 1077 χραύση
191 998 255 1078 μέν
273 988 297 1056 τ’
320 988 424 1076 αὐλής
442 987 675 1078 ὑπεράλμενον
694 988 772 1060 οὐδὲ
792 991 959 1080 δαμάσσῃ·

65 1095 112 1152 τοῦ
126 1092 181 1174 μέν
197 1115 234 1157 τε
254 1090 375 1168 σθένος
386 1080 505 1176 άρσεν,
525 1095 635 1157 ἔπειτα
648 1093 684 1157 δέ
694 1088 717 1157 τ’
732 1087 773 1157 οὐ
782 1091 1000 1178 προσαμύνει,

64 1184 129 1253 άλλά
139 1186 219 1256 κατά
231 1187 405 1274 σταθμούς
417 1187 540 1273 δύεται,
551 1188 591 1256 τά
604 1189 636 1256 δ’
648 1193 753 1276 ἐρήμα
764 1197 929 1278 φοβεῖται·
953 1209 1001 1262 Ην

64 1289 90 1350 αί
103 1289 157 1372 μέν
174 1287 201 1356 τ’
221 1288 408 1374 ἀγχιστῖναι
426 1287 474 1358 §d
494 1286 655 1376 άλλήλησι
674 1292 837 1374 κέχυνται,

63 1383 148 1474 αὐτὰρ
166 1385 184 1454 ὁ
204 1389 381 1474 ἐμμεμαώς
398 1392 525 1475 βαθέης
544 1389 710 1468 ἐξάλλεται
730 1387 848 1474 αύλής·

62 1481 95 1562 ός
110 1485 239 1573 μεμαάς
262 1487 412 1571 Τράεσσι
431 1493 510 1574 μίγη
528 1486 689 1576 κρατερός
707 1487 887 1574 Διομήδης.

85 1583 168 1652 Ἔνθ’
183 1589 263 1656 έλεν
275 1585 457 1656 Ἀστύνοον
472 1589 529 1658 καί
539 1585 724 1676 Ὑπείρονα,
741 1592 882 1675 ποιμένα
898 1595 1000 1676 λαάν,

59 1683 179 1770 τὸνμὲν
197 1683 287 1775 ὑπὲρ
306 1695 423 1774 μαζοῖο
438 1687 554 1776 βαλών
572 1687 731 1776 χαλκήρεῖ
748 1692 853 1775 δουρί,
952 1703 1000 1758 145

59 1780 107 1848 τόν
123 1785 153 1852 δ’
173 1789 293 1874 ἕτερον
312 1792 402 1872 ξίφεῖ
416 1787 550 1876 μεγάλῳ
569 1792 687 1875 κληῖδα
706 1788 781 1876 παρ’
802 1782 894 1876 νόμον

59 1883 143 1970 πλῆξ’,
163 1885 231 1954 άπό
251 1883 285 1952 δ’
299 1885 438 1972 αὐχένος
456 1880 549 1974 άμον
565 1891 726 1974 ἐέργαθεν
736 1887 790 1975 ἠδ’
802 1887 867 1956 άπὸ
880 1889 999 1958 νότου.

58 1982 120 2061 τούς
134 1988 195 2070 μὲν
213 1984 294 2071 έαά,
314 1984 333 2054 ὁ
351 1983 379 2052 δ’
392 1986 539 2073 ”Apum
558 1987 717 2076 μετῴχετο
737 1991 792 2057 καὶ
802 1989 1002 2072 Πολύειδον,

58 2087 133 2163 υίέας
149 2085 429 2172 Εὐρυδάμαντος,
451 2083 682 2172 ὀνειροπόλοιο
701 2091 868 2173 γέροντος,

56 2195 111 2263 τοῖς
128 2183 189 2252 οὐιι
209 2188 402 2272 ἐρχομένοις
420 2182 438 2253 ὁ
457 2188 568 2271 γέρων
586 2182 725 2270 ἐκρίνατ’
741 2182 907 2272 Ιόνείρους,
950 2201 1000 2252 1⁵⁰

56 2280 123 2350 άλλά
142 2304 250 2369 σφεας
269 2284 432 2369 κρατερός
449 2284 623 2371 Διομήδης
641 2285 837 2372 ἐξενάριξεν.

54 2388 87 2467 δή
105 2385 137 2451 δὲ
155 2385 239 2470 μετά
258 2383 401 2461 Ξάνθον
418 2407 455 2452 τε
475 2383 596 2452 Θόωνά
614 2409 660 2470 τε,
682 2387 851 2460 Φαίνοπος
870 2377 931 2469 υἷε,

54 2480 138 2566 άμφα
156 2487 343 2570 τηλυγέτω·
364 2481 382 2551 ό
404 2485 440 2552 δέ
459 2489 582 2569 τείρετο
603 2483 704 2570 γήραϊ
720 2488 846 2572 λυγρῷ,

55 2679 108 2747 ἕνθ’
129 2681 187 2769 όγε
208 2681 291 2762 τούς
309 2683 449 2770 ἐνάριζε,
471 2690 571 2768 φίλον
590 2679 621 2748 δ’
644 2684 793 2761 ἐξαίνυτο
812 2677 928 2767 θυμόν
952 2692 999 2749 15⁵

55 2775 231 2872 άμφοτέρω,
252 2788 370 2871 πατέρι
390 2784 427 2850 δὲ
445 2782 529 2868 γόου
547 2783 603 2849 καί
622 2781 724 2868 κήδεα
743 2783 850 2865 λυγρά

53 2880 129 2966 λεῖπ’,
149 2885 222 2950 ἐπεὶ
242 2880 284 2950 ού
304 2882 426 2963 ζάουτε
446 2881 550 2968 μάχης
570 2884 606 2949 {n
629 2879 829 2966 νοστήσαντε

53 2981 166 3059 δέξατο·
186 2984 358 3069 χηρωσταὶ
378 2984 414 3050 δὲ
434 2980 488 3049 διά
508 2988 626 3066 κτῆσιν
646 2983 809 3047 δατέοντο.

75 3077 161 3150 Ἔνθ’
183 3075 262 3160 υἷας
280 3081 447 3167 Πριάμοιο
469 3079 538 3148 δύα
558 3081 640 3165 λάβε
658 3081 883 3162 Δαρδανίδαο,

51 3181 91 3244 είν
107 3181 155 3248 ἑνί
176 3185 288 3270 δίφρῳ
308 3178 435 3265 ἐόντας,
453 3177 634 3265 Ἐχέμμονά
654 3205 688 3245 τε
707 3181 856 3262 Χρομίον
876 3200 918 3240 τε.
952 3189 998 3241 1ου

52 3273 87 3357 ός
101 3282 135 3347 δὲ
153 3283 243 3348 λέων
262 3282 300 3348 έν
319 3281 419 3367 βουσὶ
437 3275 557 3373 θορόν
575 3281 609 3356 ἐξ
629 3275 752 3361 αὐχένα
771 3273 833 3360 άξη

51 3377 172 3466 πόρτιος
191 3377 231 3466 ήὲ
250 3378 341 3466 βοός,
362 3377 504 3464 ξύλοχον
522 3375 607 3444 κάτα
625 3368 874 3460 βοσκομενάων,

52 3475 84 3556 ός
100 3479 179 3560 τούς
199 3478 411 3567 ἀμφοτέρους
430 3482 463 3557 ἐξ
482 3480 595 3544 ἵππιον
609 3475 741 3550 Τυδέος
761 3469 832 3546 υίός
