2438 3918
204 236 266 300 346
289 209 293 217 ’
543 231 764 292 maoz
786 232 817 288 P.

202 396 240 480 δς
255 389 295 483 δή
312 421 365 466 τοι
381 392 501 482 σχεδόν
517 390 595 461 εἶσι·
611 387 655 459 σύ
673 389 704 458 δ’
723 387 875 478 άμβροτα
890 387 1008 475 τεύχεα
1024 389 1129 469 δύνεις

206 494 330 584 άνδρδς
345 493 511 581 ἀριστῆος,
526 492 623 560 τόντε
637 490 817 577 τρομέουσι
832 489 889 558 καὶ
902 486 1007 558 άλλοι.

204 604 267 667 τοῦ
283 593 323 684 δή
342 597 473 680 ἑταῖρον
488 597 631 678 ἔπεφνες
645 591 744 677 ἐνηέα
757 615 794 658 τε
808 587 973 676 κρατερόν
987 615 1035 677 τε,

205 696 322 783 τεύχεα
339 692 368 762 δ’
388 692 430 762 ού
445 690 530 762 κατά
544 688 674 777 κόσμον
689 686 755 759 άπό
770 688 894 774 κρατός
909 715 945 758 τε
960 689 1017 759 καὶ
1034 687 1130 776 άμων

205 800 310 865 εἵλευ·
327 790 411 880 άτάρ
425 818 477 860 τοι
491 797 557 859 νῦν
572 816 610 876 γε
629 791 714 877 μέγα
730 788 852 877 κράτος
868 792 1062 878 ἐγγυαλίξω,
1109 802 1151 857 τοι

204 903 273 964 τάν
289 889 410 978 ποινήν
425 889 444 960 ό
457 917 509 959 τοι
524 886 598 958 ούτι
613 889 719 976 μάχης
738 889 775 958 ἐκ
792 888 992 975 νοστήσαντι

204 998 328 1075 δέξεται
341 989 545 1078 Ἀνδρομάχη
561 986 666 1058 κλυτά
682 987 800 1076 τεύχεα
813 993 1043 1075 Πηλείωνος.“

252 1085 297 1160 Ἠ
320 1092 376 1160 καὶ
391 1093 573 1179 κυανέῃσιν
587 1085 635 1157 ἐπ’
653 1085 781 1176 όφρύσι
796 1093 898 1158 νεῦσε
915 1091 1085 1176 Κρονίων.

197 1191 330 1278 Ἐκτορι
347 1187 379 1258 δ’
394 1187 521 1276 ἥρμοσε
536 1184 637 1275 τεύχε’
656 1190 710 1257 ἐπὶ
725 1193 811 1277 χροῒ,
831 1192 876 1256 δύ
892 1189 931 1256 δέ
944 1181 1112 1275 μινἍρης

206 1287 315 1370 δεινός
341 1288 503 1376 ἐνυάλιος,
521 1295 675 1376 πλήσθεν
690 1284 721 1355 δ’
742 1287 808 1374 άρα
823 1291 857 1356 οἱ
872 1283 958 1374 μέλε’
974 1283 1072 1364 ἐντός
1108 1300 1150 1352 211

204 1390 309 1479 άλκής
325 1391 381 1460 καὶ
397 1391 544 1468 σθένεος.
576 1385 657 1475 μετά
674 1389 710 1457 δέ
726 1384 878 1466 κλειτοὺς
894 1383 1095 1474 ἐπικούρους

204 1499 248 1581 βή
265 1493 307 1579 ῥα
323 1493 406 1577 μέγα
423 1488 542 1575 ἰάχων·
560 1487 731 1556 ἰνδάλλετο
748 1490 786 1556 δέ
800 1506 896 1573 σφισι
910 1492 1016 1554 πᾶσιν

204 1591 334 1677 τεύχεσι
348 1589 561 1676 λαμπόμενος
576 1588 777 1675 μεγαθύμου
790 1593 992 1673 Πηλείωνος.
1203 1663 1204 1672 ³

206 1689 356 1779 ὄτρυνεν
372 1691 408 1759 δὲ
424 1692 565 1758 ἕκαστον
580 1687 795 1777 ἐποιχόμενος
811 1691 972 1772 ἐπέεσσιν,
1108 1701 1150 1754 215

205 1794 374 1876 Μέσθλην
388 1814 429 1874 τεΙ
438 1789 596 1858 Γλαῦκόν
609 1814 645 1856 τε
659 1787 821 1858 Μέδοντά
837 1813 873 1855 τε
891 1787 1096 1875 Θερσίλοχόν
1109 1811 1148 1871 τε,

203 1886 435 1976 Ἀστεροπαῖόν
448 1913 484 1956 τε
499 1889 691 1976 Δεισήνορά
705 1885 739 1956 θ’
750 1884 934 1956 Ἱππόθοόν
949 1912 999 1967 τε,

206 1985 344 2074 Φόρκυν
358 2012 395 2055 τε
408 1993 560 2075 Χρομίον
573 2013 609 2056 τε
624 1989 680 2056 καὶ
691 1988 859 2074 Ἔννομον
875 1985 1072 2074 οἰωνιστήν·
1088 2061 1091 2068 ,

206 2085 282 2166 τούς
299 2083 345 2172 ὅγ’
366 2087 560 2173 ἐποτρύνων
577 2093 657 2156 ἐπεα
673 2085 855 2172 πτερόεντα
870 2085 1050 2174 προσηύδα

247 2188 434 2274 ,,Κέκλντε,
449 2191 552 2272 μυρία
568 2193 661 2274 φῦλα
678 2183 900 2271 περικτιόνων
916 2184 1120 2270 ἐπικούρων·
1202 2195 1203 2198 ’

207 2283 247 2354 ού
262 2281 328 2370 γάρ
344 2283 408 2371 ἐγώ
426 2283 564 2373 πληθύν
581 2285 752 2373 διζήμενος
771 2277 851 2353 ούδὲ
865 2289 1005 2370 χατίζων
1108 2298 1149 2350 ενι

204 2379 316 2451 ἐνθάδ
332 2379 387 2469 ἀφ’
405 2379 575 2470 ὑμετέρων
590 2391 717 2453 πολίων
731 2382 848 2471 ήγειρα
863 2385 1016 2470 ἕκαστον,

207 2479 275 2550 ἀλλ’
290 2485 347 2551 ἵνα
365 2509 422 2569 μοι
443 2482 570 2567 Τράων
589 2481 732 2569 άλόχους
750 2483 807 2550 καὶ
826 2483 930 2570 νήπια
948 2487 1051 2550 τέκνα

204 2581 422 2668 προφρονέως
441 2580 581 2670 ῥύοισθε
601 2583 854 2669 φιλοπτολέμων
868 2578 922 2650 ύά
940 2579 1091 2668 Ἀχαιῶν.

204 2681 244 2749 τά
264 2684 420 2767 φρονέων
438 2681 575 2769 δάροισι
593 2683 786 2769 κατατρύχω
806 2684 862 2752 καὶ
879 2684 990 2770 ἐδωδῇ
1108 2696 1151 2750 τιό
1201 2751 1202 2762 ,

204 2779 317 2867 λαούς,
337 2781 498 2867 ὑμέτερον
518 2783 554 2850 δὲ
572 2781 716 2851 ἑκάστου
733 2779 849 2870 θυμόν
867 2779 959 2862 άέξω.
1201 2773 1202 2778 “

203 2886 249 2970 τῷ
269 2906 318 2960 τις
334 2888 400 2948 νῦν
419 2879 498 2960 ἐθδς
516 2884 739 2970 τετραμμένος
756 2877 779 2969 ή
798 2880 987 2968 ἀπολέσθω,

203 2977 242 3066 ήέ
261 2979 440 3066 σαωθήτω·
460 2976 481 3066 ή
501 2979 564 3068 γάρ
584 2985 731 3068 πολέμου
750 2979 914 3066 ὀαριστύς.

204 3073 241 3158 δς
260 3078 299 3146 δέ
312 3103 350 3146 κε
368 3077 576 3168 Πάτροκλον,
596 3081 653 3150 καὶ
670 3081 845 3168 τεθνηῶτά
863 3104 937 3168 περ,
957 3085 1062 3168 ἔμπης

206 3184 323 3262 Τράας
341 3181 375 3257 ἐς
393 3179 603 3267 ἱπποδάμους
621 3181 735 3271 ἐρύση,
755 3187 825 3270 ελξη
844 3185 884 3250 δέ
899 3184 935 3249 οέ
950 3190 1048 3269 Αἴας,
1107 3195 1151 3249 230
1200 3177 1201 3270 ,

204 3274 307 3362 ἥμισυ
324 3284 371 3368 τῷ
390 3277 521 3366 ἐνάρων
540 3280 785 3369 ἀποδάσσομαι,
805 3279 910 3368 ήμισυ
929 3277 964 3348 δ’
983 3277 1085 3361 αύτύς
1200 3273 1201 3356 J

204 3375 265 3454 ἔξω
283 3377 363 3462 ἐγό·
383 3379 420 3445 τὸ
441 3380 480 3447 δέ
497 3382 531 3448 οἱ
547 3383 643 3460 κλέος
661 3387 791 3450 ἔσσεται
827 3378 933 3450 ὅσσον
950 3381 1028 3467 ἐμοί
1043 3386 1132 3467 περ.“

247 3469 309 3552 Ὦς
328 3473 438 3562 ἔφαθ’,
460 3482 494 3546 ολ
510 3475 544 3547 δ’
564 3478 644 3560 δθδς
662 3487 811 3550 Δαναόν
829 3487 1005 3569 βρίσαντες
1024 3486 1147 3569 ἐβήσαο,
