2442 3922
210 276 253 337 9⁶
552 271 774 333 ΙΛΙΑΔΟΣ
793 275 829 330 Ε.

211 431 285 505 οἷόν
304 433 332 504 κ’
351 434 389 523 ἠέ
408 438 544 522 φέροιεν
557 431 678 519 Ἀχαιοὶ
694 431 718 520 ἥ
733 459 794 502 κεν
810 429 925 520 άγοιεν

214 536 296 623 τύνη
315 532 346 603 δ’
366 536 513 620 έστηκας,
532 528 617 619 άτάρ
637 529 711 600 οὐδ’
732 531 861 603 άλλοισι
877 535 1023 614 κελεύεις
1120 550 1171 604 485

214 645 342 704 λαοῖσιν
357 634 498 720 μενέμεν
514 636 569 700 καὶ
586 628 789 719 ἀμυνέμεναι
805 630 958 720 ὄρεσσιν.

211 734 256 822 νη
275 759 354 820 πως,
374 731 417 813 ὡς
434 730 528 814 ἀψῖσι
544 737 640 800 λίνου
658 729 777 800 ἁλόντε
793 731 978 820 πανάγρου,

209 833 351 920 ἀνδράσι
368 835 604 919 δυσμενέεσσιν
621 834 705 918 ἕλωρ
723 835 778 902 καὶ
794 832 905 920 κύρμα
921 838 1082 922 γένησθε·

212 934 297 1002 οίδέ
313 929 378 1018 τάχ’
398 929 592 1016 ἐκπέρσουσ’
609 928 831 1020 εύναιομένην
848 933 947 1002 πόλιν
963 928 1062 1022 ύμήν.

214 1035 266 1102 σοὶ
283 1031 318 1100 δὲ
333 1029 395 1118 χρὴ
414 1030 490 1098 τάδε
508 1029 616 1098 πάντα
634 1034 747 1116 μέλειν
758 1031 881 1112 νύκτας
891 1059 926 1099 τε
937 1034 993 1102 καὶ
1004 1026 1104 1121 ἦμαρ,
1118 1049 1170 1105 490

211 1129 337 1222 άρχούς
353 1133 536 1220 λισσομένῳ
554 1138 772 1216 τηλεκλειτῶν
788 1131 978 1220 ἐπικούρων

213 1234 384 1318 νωλεμέως
400 1233 523 1316 έχέμευ,
543 1229 710 1317 κρατερὴν
727 1229 757 1299 δ’
778 1230 969 1301 ἀποθέσθαι
986 1235 1139 1320 έυιπήυ.“

243 1328 306 1411 Ὣς
324 1330 409 1418 φάτο
422 1327 625 1418 Σαρπηδοδν,
639 1330 718 1399 δάκε
730 1333 765 1399 δὲ
777 1331 1036 1418 φρέναςἝκτορι
1047 1340 1168 1418 μῦθος.

211 1431 330 1499 αὐτίκα
350 1429 381 1497 δ’
402 1432 435 1510 ἐξ
452 1428 556 1516 ὀχέων
574 1427 640 1498 σύν
656 1431 806 1516 τεύχεσιν
823 1424 901 1499 άλτο
920 1437 1051 1518 χαμᾶζε,

210 1531 347 1600 πάλλων
365 1527 397 1597 δ’
417 1528 491 1610 ὀξέα
507 1535 613 1616 δοῦρα
629 1528 712 1598 κατὰ
724 1530 866 1614 στρατὸν
878 1527 978 1621 ρ’όχετο
989 1530 1108 1618 πάντη,
1117 1547 1170 1604 495

208 1630 362 1716 ὀτρύνων
379 1634 594 1717 μαχέσασθαι,
614 1635 719 1716 ἔγειρε
737 1631 773 1699 δὲ
789 1629 936 1717 φύλοπιν
954 1628 1061 1717 αἰνήν.

210 1735 246 1798 οἱ
261 1726 292 1796 δ’
311 1733 527 1816 ἐλελίχθησαν
544 1732 599 1798 καί
617 1733 760 1797 ἐναντίοι
777 1736 875 1798 ἔσταν
887 1730 1040 1816 Ἀχαιῶν·

213 1840 347 1915 Αργεῑοι
364 1826 394 1896 δ’
415 1826 596 1914 ὑπέμειναν
612 1828 744 1908 ἀολλέες
760 1827 836 1898 οόδ’
854 1828 1035 1917 ἐφόβηθεν.

210 1927 256 2008 ὡς
275 1927 306 1996 δ’
327 1929 449 2017 άνεμος
466 1929 567 2016 άχνας
583 1932 698 2017 φορέει
716 1929 805 2013 ἱεράς
822 1926 890 1998 κατ’
909 1927 1019 2010 ἀλωάς

212 2027 348 2114 ἀνδρῶν
364 2028 569 2116 λικμώντων,
588 2028 643 2097 ὅτε
659 2055 694 2097 τε
712 2027 819 2116 ξανθὴ
838 2028 998 2116 Δημήτηρ
1115 2045 1169 2097 500
1214 2101 1215 2114 ¹

209 2135 309 2218 κρίνη
325 2132 548 2216 ἐπειγομένων
563 2127 698 2217 άνέμων
713 2118 848 2217 καρπόν
860 2155 895 2196 τε
912 2131 967 2198 καὶ
985 2127 1102 2214 άχνας·
1214 2121 1215 2155 ¹

213 2233 250 2295 αι’
266 2227 297 2295 δ’
317 2225 614 2297 ὑπολευκαίνονται
629 2226 798 2315 άχυρμιαί·
818 2225 862 2307 οδς
877 2225 941 2296 τότ’
956 2227 1077 2314 Ἀχαιοί

212 2329 322 2395 λευκοὶ
339 2327 467 2414 ὕπερθε
484 2332 621 2412 γένοντο
638 2326 814 2417 κονισάλῳ,
834 2325 876 2394 δν
893 2330 934 2412 ῥα
954 2323 992 2394 δι’
1010 2325 1127 2396 αὐτῶν
1213 2329 1214 2371 ί

209 2423 359 2513 ούρανδν
378 2430 411 2506 ές
428 2426 637 2512 πολύχαλκον
656 2430 840 2514 ἐπέπληγον
856 2423 957 2504 πόδες
972 2429 1095 2514 ἵππων,
1212 2479 1213 2490 ,

210 2521 258 2605 δυ
276 2530 553 2612 ἐπιμισγομένων·
570 2524 636 2594 ύπδ
655 2525 687 2593 δ’
706 2533 868 2613 ἔστρεφον
884 2522 1050 2612 ἡνιοχῆες·
1115 2543 1171 2597 505
1212 2525 1213 2585 ί

212 2630 246 2694 οἱ
263 2624 298 2694 δέ
314 2629 412 2712 μένος
428 2633 548 2713 χειροῖν
566 2624 644 2706 ίθύς
661 2630 776 2713 φέρον.
807 2624 892 2711 ἀμφὶ
908 2623 944 2693 δέ
961 2622 1067 2691 νύκτα
1211 2681 1212 2716 ,

210 2732 339 2809 θοῦρος
346 2725 449 2812 ’Ἁρης
464 2717 609 2807 ἐκάλυύε
625 2727 713 2815 μάχη
733 2726 903 2812 Τρώεσσιν
919 2722 1081 2814 οἰρήγωυ,Ι
1211 2719 1212 2801 λ

210 2822 347 2892 πάντοσ’
365 2827 590 2912 ἐποιχόμενος·
609 2825 719 2895 τοῦδ’
737 2830 924 2912 ἐκραίαινεν
941 2826 1083 2912 ἐφετμάς
1210 2855 1211 2876 ¹

209 2929 338 3010 Φοίβου
351 2921 559 3006 ’Λπόλλωνος
586 2925 787 3013 χρυσαόρου,
805 2924 843 3005 ὅς
858 2952 917 3011 μιν
933 2922 1055 3012 άνοέγει

214 3026 345 3107 Τρωσὶν
360 3024 476 3112 θυμὸν
492 3029 624 3112 ἐγείραι,
637 3029 705 3094 ἐπεὶ
716 3029 766 3093 λδε
778 3022 928 3094 Παλλάδ’
941 3023 1090 3114 Ἀθήνην
1112 3047 1175 3099 510

206 3130 398 3211 οἰχομένην·
417 3122 437 3211 ἡ
455 3127 518 3211 γάρ
537 3129 578 3212 ῥα
595 3127 693 3193 πέλεν
710 3134 895 3194 Δαναοῖσιν
911 3123 1055 3211 άρηγεόν.

251 3222 360 3302 Αύτδς
378 3223 409 3292 δ’
428 3231 566 3292 Αἰνείαν
582 3226 670 3311 μάλα
687 3230 801 3304 πίονος
817 3227 850 3304 ἐξ
867 3223 1003 3293 άδύτοιο

208 3315 280 3409 ἧκε,
297 3325 353 3390 καὶ
369 3327 406 3390 έν
423 3324 582 3410 στήθεσσι
599 3328 697 3411 μένος
716 3324 798 3411 βάλε
815 3326 947 3411 ποιμένι
961 3332 1062 3395 λαιόν.

208 3428 342 3500 Αίνείας
359 3419 390 3487 δ’
410 3423 554 3506 ἑτάροισι
570 3430 763 3510 μεθίστατο·
779 3425 830 3492 τοὶ
848 3421 879 3490 δ’
896 3423 1074 3512 ἐχάρησαν,

206 3517 251 3597 ὡς
269 3518 358 3586 εἶδον
375 3520 460 3600 ζωόν
476 3548 511 3588 τε
528 3524 582 3590 καί
599 3521 739 3610 ἀρτεμέα
757 3522 940 3608 προσιόντα
1108 3545 1176 3600 515
