<?xml version="1.0" encoding="UTF-8"?>
<!DOCTYPE html PUBLIC "-//W3C//DTD XHTML 1.0 Transitional//EN"
    "http://www.w3.org/TR/xhtml1/DTD/xhtml1-transitional.dtd">
<html xmlns="http://www.w3.org/1999/xhtml" xml:lang="en" lang="en">
 <head>
  <title>
</title>
<meta http-equiv="Content-Type" content="text/html;charset=utf-8" />
  <meta name='ocr-system' content='tesseract 3.04.00' />
  <meta name='ocr-capabilities' content='ocr_page ocr_carea ocr_par ocr_line ocrx_word'/>
</head>
<body>
  <div class='ocr_page' id='page_1' title='image "./homericarminaad01baumgoog_0571.png"; bbox 0 0 2470 3926; ppageno 0'>
   <div class='ocr_carea' id='block_1_1' title="bbox 186 250 808 314">
    <p class='ocr_par' dir='ltr' id='par_1_1' title="bbox 186 250 808 314">
     <span class='ocr_line' id='line_1_1' title="bbox 186 250 808 314; baseline -0.003 0"><span class='ocrx_word' id='word_1_1' title='bbox 186 250 246 314; x_wconf 69' lang='grc'><strong><em>480</em></strong></span> <span class='ocrx_word' id='word_1_2' title='bbox 522 253 740 314; x_wconf 77' lang='grc' dir='ltr'><em>ΙΛΙΑΔΟΣ</em></span> <span class='ocrx_word' id='word_1_3' title='bbox 765 252 808 314; x_wconf 72' lang='grc' dir='ltr'><strong><em>Ω.</em></strong></span> 
     </span>
    </p>
   </div>
   <div class='ocr_carea' id='block_1_2' title="bbox 95 409 1223 2987">
    <p class='ocr_par' dir='ltr' id='par_1_2' title="bbox 180 409 1144 1992">
     <span class='ocr_line' id='line_1_2' title="bbox 184 409 1102 501; baseline 0 -20"><span class='ocrx_word' id='word_1_4' title='bbox 184 411 287 482; x_wconf 87' lang='grc' dir='ltr'><strong><em>τόσσα</em></strong></span> <span class='ocrx_word' id='word_1_5' title='bbox 304 412 340 482; x_wconf 78' lang='grc' dir='ltr'><strong><em>δέ</em></strong></span> <span class='ocrx_word' id='word_1_6' title='bbox 357 410 466 500; x_wconf 80' lang='grc' dir='ltr'><strong><em>φάρεα</em></strong></span> <span class='ocrx_word' id='word_1_7' title='bbox 482 410 577 500; x_wconf 81' lang='grc' dir='ltr'><strong><em>καλά,</em></strong></span> <span class='ocrx_word' id='word_1_8' title='bbox 595 412 715 491; x_wconf 87' lang='grc' dir='ltr'><strong><em>τόσους</em></strong></span> <span class='ocrx_word' id='word_1_9' title='bbox 732 409 763 480; x_wconf 89' lang='grc' dir='ltr'><strong><em>δ’</em></strong></span> <span class='ocrx_word' id='word_1_10' title='bbox 781 413 835 482; x_wconf 81' lang='grc' dir='ltr'><strong><em>έπλ</em></strong></span> <span class='ocrx_word' id='word_1_11' title='bbox 852 425 937 482; x_wconf 89' lang='grc' dir='ltr'><strong><em>τοῖσι</em></strong></span> <span class='ocrx_word' id='word_1_12' title='bbox 952 419 1102 501; x_wconf 78' lang='grc' dir='ltr'><strong><em>χιτῶνας.</em></strong></span> 
     </span>
     <span class='ocr_line' id='line_1_3' title="bbox 183 510 1028 600; baseline -0.001 -20"><span class='ocrx_word' id='word_1_13' title='bbox 183 519 310 600; x_wconf 81' lang='grc' dir='ltr'><em>χρυσοῦ</em></span> <span class='ocrx_word' id='word_1_14' title='bbox 328 510 363 580; x_wconf 73' lang='grc' dir='ltr'><strong><em>δέ</em></strong></span> <span class='ocrx_word' id='word_1_15' title='bbox 381 510 503 598; x_wconf 79' lang='grc' dir='ltr'><strong><em>στήσας</em></strong></span> <span class='ocrx_word' id='word_1_16' title='bbox 519 516 639 597; x_wconf 80' lang='grc' dir='ltr'><strong><em>ἔφερεν</em></strong></span> <span class='ocrx_word' id='word_1_17' title='bbox 655 510 734 580; x_wconf 88' lang='grc' dir='ltr'><strong><em>δέκα</em></strong></span> <span class='ocrx_word' id='word_1_18' title='bbox 751 513 858 582; x_wconf 86' lang='grc' dir='ltr'><strong><em>πάντα</em></strong></span> <span class='ocrx_word' id='word_1_19' title='bbox 873 512 1028 597; x_wconf 89' lang='grc' dir='ltr'><strong><em>τάλαντα,</em></strong></span> 
     </span>
     <span class='ocr_line' id='line_1_4' title="bbox 182 609 1061 700; baseline -0.001 -20"><span class='ocrx_word' id='word_1_20' title='bbox 182 615 218 680; x_wconf 90' lang='grc' dir='ltr'><strong><em>ἐκ</em></strong></span> <span class='ocrx_word' id='word_1_21' title='bbox 235 611 270 682; x_wconf 80' lang='grc' dir='ltr'><strong><em>δὲ</em></strong></span> <span class='ocrx_word' id='word_1_22' title='bbox 286 609 336 679; x_wconf 80' lang='grc' dir='ltr'><strong><em>δύ’</em></strong></span> <span class='ocrx_word' id='word_1_23' title='bbox 354 620 502 692; x_wconf 87' lang='grc' dir='ltr'><strong><em>αῖθωνας</em></strong></span> <span class='ocrx_word' id='word_1_24' title='bbox 517 614 684 698; x_wconf 88' lang='grc' dir='ltr'><strong><em>τρίποδας,</em></strong></span> <span class='ocrx_word' id='word_1_25' title='bbox 703 618 844 698; x_wconf 79' lang='grc' dir='ltr'><strong><em>πίσυρας</em></strong></span> <span class='ocrx_word' id='word_1_26' title='bbox 860 612 896 682; x_wconf 76' lang='grc' dir='ltr'><strong><em>δέ</em></strong></span> <span class='ocrx_word' id='word_1_27' title='bbox 913 616 1061 700; x_wconf 75' lang='grc' dir='ltr'><strong><em>λέβητας,</em></strong></span> 
     </span>
     <span class='ocr_line' id='line_1_5' title="bbox 183 709 1104 802; baseline -0.002 -22"><span class='ocrx_word' id='word_1_28' title='bbox 183 715 220 780; x_wconf 83' lang='grc' dir='ltr'><strong><em>ἐκ</em></strong></span> <span class='ocrx_word' id='word_1_29' title='bbox 239 709 274 780; x_wconf 71' lang='grc' dir='ltr'><strong><em>δέ</em></strong></span> <span class='ocrx_word' id='word_1_30' title='bbox 292 714 393 792; x_wconf 84' lang='grc' dir='ltr'><strong><em>δέπας</em></strong></span> <span class='ocrx_word' id='word_1_31' title='bbox 409 710 609 799; x_wconf 73' lang='grc' dir='ltr'><strong><em>περικαλλὲς,</em></strong></span> <span class='ocrx_word' id='word_1_32' title='bbox 627 709 649 780; x_wconf 84' lang='grc' dir='ltr'>ὅ</span> <span class='ocrx_word' id='word_1_33' title='bbox 664 714 698 779; x_wconf 88' lang='grc' dir='ltr'><strong><em>οί</em></strong></span> <span class='ocrx_word' id='word_1_34' title='bbox 716 719 842 801; x_wconf 76' lang='grc' dir='ltr'><strong><em>Θρῇκες</em></strong></span> <span class='ocrx_word' id='word_1_35' title='bbox 859 713 966 802; x_wconf 90' lang='grc' dir='ltr'><strong><em>πόρον</em></strong></span> <span class='ocrx_word' id='word_1_36' title='bbox 982 711 1104 798; x_wconf 75' lang='grc' dir='ltr'><strong><em>ἄνδρες</em></strong></span> 
     </span>
     <span class='ocr_line' id='line_1_6' title="bbox 182 809 1143 900; baseline 0 -20"><span class='ocrx_word' id='word_1_37' title='bbox 182 813 311 899; x_wconf 79' lang='grc' dir='ltr'><strong><em>ἐξεσίην</em></strong></span> <span class='ocrx_word' id='word_1_38' title='bbox 326 811 472 898; x_wconf 75' lang='grc' dir='ltr'><strong><em>ἐλθόντι,</em></strong></span> <span class='ocrx_word' id='word_1_39' title='bbox 489 813 573 899; x_wconf 90' lang='grc' dir='ltr'><strong><em>μέγα</em></strong></span> <span class='ocrx_word' id='word_1_40' title='bbox 591 812 720 900; x_wconf 78' lang='grc' dir='ltr'><strong><em>κτέρας·</em></strong></span> <span class='ocrx_word' id='word_1_41' title='bbox 739 809 820 880; x_wconf 83' lang='grc' dir='ltr'><strong><em>οόδέ</em></strong></span> <span class='ocrx_word' id='word_1_42' title='bbox 836 838 878 880; x_wconf 86' lang='grc' dir='ltr'><strong><em>νυ</em></strong></span> <span class='ocrx_word' id='word_1_43' title='bbox 895 817 1019 897; x_wconf 85' lang='grc' dir='ltr'><strong><em>τοῦπερ</em></strong></span> <span class='ocrx_word' id='word_1_44' title='bbox 1091 825 1143 880; x_wconf 78' lang='lat'><strong><em>2³5</em></strong></span> 
     </span>
     <span class='ocr_line' id='line_1_7' title="bbox 183 907 1094 999; baseline -0.003 -20"><span class='ocrx_word' id='word_1_45' title='bbox 183 907 305 999; x_wconf 83' lang='grc' dir='ltr'><strong><em>φείσατ’</em></strong></span> <span class='ocrx_word' id='word_1_46' title='bbox 326 913 375 980; x_wconf 80' lang='grc' dir='ltr'><strong><em>ἐνὶ</em></strong></span> <span class='ocrx_word' id='word_1_47' title='bbox 390 911 546 999; x_wconf 81' lang='grc' dir='ltr'><strong><em>μεγάροις</em></strong></span> <span class='ocrx_word' id='word_1_48' title='bbox 562 907 579 980; x_wconf 87' lang='grc' dir='ltr'>ὁ</span> <span class='ocrx_word' id='word_1_49' title='bbox 598 911 716 997; x_wconf 87' lang='grc' dir='ltr'><strong><em>γέρων,</em></strong></span> <span class='ocrx_word' id='word_1_50' title='bbox 733 911 808 998; x_wconf 80' lang='grc' dir='ltr'><strong><em>περὶ</em></strong></span> <span class='ocrx_word' id='word_1_51' title='bbox 824 908 857 978; x_wconf 88' lang='grc' dir='ltr'><strong><em>δ’</em></strong></span> <span class='ocrx_word' id='word_1_52' title='bbox 872 908 974 998; x_wconf 79' lang='grc' dir='ltr'><strong><em>ἤθελε</em></strong></span> <span class='ocrx_word' id='word_1_53' title='bbox 991 915 1094 998; x_wconf 74' lang='grc' dir='ltr'><strong><em>θυμῷ</em></strong></span> 
     </span>
     <span class='ocr_line' id='line_1_8' title="bbox 183 1005 1037 1098; baseline -0.005 -19"><span class='ocrx_word' id='word_1_54' title='bbox 183 1011 350 1079; x_wconf 86' lang='grc' dir='ltr'><strong><em>λύσασθαι</em></strong></span> <span class='ocrx_word' id='word_1_55' title='bbox 366 1016 467 1096; x_wconf 85' lang='grc' dir='ltr'><strong><em>φίλον</em></strong></span> <span class='ocrx_word' id='word_1_56' title='bbox 484 1009 568 1078; x_wconf 86' lang='grc' dir='ltr'><strong><em>υίόν.</em></strong></span> <span class='ocrx_word' id='word_1_57' title='bbox 588 1005 605 1077; x_wconf 85' lang='grc' dir='ltr'>ὁ</span> <span class='ocrx_word' id='word_1_58' title='bbox 623 1012 659 1078; x_wconf 79' lang='grc' dir='ltr'><strong><em>δέ</em></strong></span> <span class='ocrx_word' id='word_1_59' title='bbox 680 1015 796 1098; x_wconf 75' lang='grc' dir='ltr'><strong><em>Τρῶας</em></strong></span> <span class='ocrx_word' id='word_1_60' title='bbox 811 1011 873 1096; x_wconf 88' lang='grc' dir='ltr'><strong><em>μέν</em></strong></span> <span class='ocrx_word' id='word_1_61' title='bbox 889 1007 1037 1087; x_wconf 77' lang='grc' dir='ltr'><strong><em>ἅπαντας</em></strong></span> 
     </span>
     <span class='ocr_line' id='line_1_9' title="bbox 183 1105 1023 1197; baseline -0.004 -18"><span class='ocrx_word' id='word_1_62' title='bbox 183 1108 345 1196; x_wconf 77' lang='grc' dir='ltr'><strong><em>αἰθούσης</em></strong></span> <span class='ocrx_word' id='word_1_63' title='bbox 362 1105 523 1194; x_wconf 86' lang='grc' dir='ltr'><strong><em>άαέεργεν</em></strong></span> <span class='ocrx_word' id='word_1_64' title='bbox 539 1107 647 1177; x_wconf 79' lang='grc' dir='ltr'><strong><em>ἔπεστ’</em></strong></span> <span class='ocrx_word' id='word_1_65' title='bbox 667 1115 851 1197; x_wconf 80' lang='grc' dir='ltr'><strong><em>αἰσχροῖσιν</em></strong></span> <span class='ocrx_word' id='word_1_66' title='bbox 867 1111 1023 1178; x_wconf 77' lang='grc' dir='ltr'><strong><em>ἐνίσσων·</em></strong></span> 
     </span>
     <span class='ocr_line' id='line_1_10' title="bbox 224 1203 1063 1297; baseline -0.005 -19"><span class='ocrx_word' id='word_1_67' title='bbox 224 1207 381 1297; x_wconf 71' lang='grc' dir='ltr'><strong><em>,ζἘρρετε,</em></strong></span> <span class='ocrx_word' id='word_1_68' title='bbox 400 1215 596 1297; x_wconf 81' lang='grc' dir='ltr'><strong><em>λωβητῆρες,</em></strong></span> <span class='ocrx_word' id='word_1_69' title='bbox 614 1209 773 1294; x_wconf 79' lang='grc' dir='ltr'><strong><em>ἐλεγχέες·</em></strong></span> <span class='ocrx_word' id='word_1_70' title='bbox 793 1207 835 1277; x_wconf 83' lang='grc' dir='ltr'><strong><em>οὕ</em></strong></span> <span class='ocrx_word' id='word_1_71' title='bbox 851 1234 894 1276; x_wconf 87' lang='grc' dir='ltr'><strong><em>νο</em></strong></span> <span class='ocrx_word' id='word_1_72' title='bbox 911 1209 965 1276; x_wconf 81' lang='grc' dir='ltr'><strong><em>καῖ</em></strong></span> <span class='ocrx_word' id='word_1_73' title='bbox 981 1203 1063 1294; x_wconf 83' lang='grc' dir='ltr'><strong><em>ὑμῖν</em></strong></span> 
     </span>
     <span class='ocr_line' id='line_1_11' title="bbox 183 1306 1144 1395; baseline -0.003 -17"><span class='ocrx_word' id='word_1_74' title='bbox 183 1319 267 1378; x_wconf 82' lang='grc' dir='ltr'><strong><em>οῖκοι</em></strong></span> <span class='ocrx_word' id='word_1_75' title='bbox 284 1313 391 1378; x_wconf 88' lang='grc' dir='ltr'><strong><em>ἐνεστι</em></strong></span> <span class='ocrx_word' id='word_1_76' title='bbox 406 1307 495 1394; x_wconf 87' lang='grc' dir='ltr'><strong><em>γόος,</em></strong></span> <span class='ocrx_word' id='word_1_77' title='bbox 514 1306 565 1375; x_wconf 83' lang='grc' dir='ltr'><strong><em>ὅτι</em></strong></span> <span class='ocrx_word' id='word_1_78' title='bbox 580 1306 612 1394; x_wconf 91' lang='grc' dir='ltr'><strong><em>μ’</em></strong></span> <span class='ocrx_word' id='word_1_79' title='bbox 630 1306 750 1394; x_wconf 81' lang='grc' dir='ltr'><strong><em>ἤλθετε</em></strong></span> <span class='ocrx_word' id='word_1_80' title='bbox 767 1307 983 1395; x_wconf 73' lang='grc' dir='ltr'><strong><em>κηδησοντεςς</em></strong></span> <span class='ocrx_word' id='word_1_81' title='bbox 1091 1323 1144 1375; x_wconf 74' lang='lat'><strong><em>240</em></strong></span> 
     </span>
     <span class='ocr_line' id='line_1_12' title="bbox 183 1402 1056 1497; baseline -0.007 -19"><span class='ocrx_word' id='word_1_82' title='bbox 183 1402 202 1497; x_wconf 79' lang='grc' dir='ltr'><strong><em>ἦ</em></strong></span> <span class='ocrx_word' id='word_1_83' title='bbox 219 1405 377 1478; x_wconf 81' lang='grc' dir='ltr'><strong><em>ὀνόσασθ’</em></strong></span> <span class='ocrx_word' id='word_1_84' title='bbox 395 1406 446 1478; x_wconf 84' lang='grc' dir='ltr'><strong><em>ὅτι</em></strong></span> <span class='ocrx_word' id='word_1_85' title='bbox 461 1433 518 1494; x_wconf 88' lang='grc' dir='ltr'><strong><em>μοι</em></strong></span> <span class='ocrx_word' id='word_1_86' title='bbox 534 1409 699 1494; x_wconf 80' lang='grc' dir='ltr'><strong><em>Κρονίδης</em></strong></span> <span class='ocrx_word' id='word_1_87' title='bbox 714 1403 799 1486; x_wconf 76' lang='grc' dir='ltr'><strong><em>Ζεὺς</em></strong></span> <span class='ocrx_word' id='word_1_88' title='bbox 816 1402 902 1492; x_wconf 82' lang='grc' dir='ltr'><strong><em>άλγέ</em></strong></span> <span class='ocrx_word' id='word_1_89' title='bbox 920 1409 1056 1491; x_wconf 77' lang='grc' dir='ltr'><strong><em>ἔδωκεν,</em></strong></span> 
     </span>
     <span class='ocr_line' id='line_1_13' title="bbox 182 1501 1140 1592; baseline -0.007 -16"><span class='ocrx_word' id='word_1_90' title='bbox 182 1505 273 1576; x_wconf 84' lang='grc' dir='ltr'><strong><em>παῖδ’</em></strong></span> <span class='ocrx_word' id='word_1_91' title='bbox 285 1503 396 1576; x_wconf 81' lang='grc' dir='ltr'><strong><em>ὀλέσαι</em></strong></span> <span class='ocrx_word' id='word_1_92' title='bbox 411 1505 471 1574; x_wconf 85' lang='grc' dir='ltr'><strong><em>τόν</em></strong></span> <span class='ocrx_word' id='word_1_93' title='bbox 488 1503 641 1592; x_wconf 73' lang='grc' dir='ltr'><strong><em>άριστονη</em></strong></span> <span class='ocrx_word' id='word_1_94' title='bbox 659 1501 742 1592; x_wconf 84' lang='grc' dir='ltr'><strong><em>άτάρ</em></strong></span> <span class='ocrx_word' id='word_1_95' title='bbox 759 1503 933 1590; x_wconf 87' lang='grc' dir='ltr'><strong><em>γνιόσεσθε</em></strong></span> <span class='ocrx_word' id='word_1_96' title='bbox 949 1505 1005 1572; x_wconf 80' lang='grc' dir='ltr'><strong><em>καὶ</em></strong></span> <span class='ocrx_word' id='word_1_97' title='bbox 1024 1501 1140 1591; x_wconf 83' lang='grc' dir='ltr'><strong><em>ὔμμες.</em></strong></span> 
     </span>
     <span class='ocr_line' id='line_1_14' title="bbox 181 1601 931 1694; baseline -0.001 -19"><span class='ocrx_word' id='word_1_98' title='bbox 181 1609 325 1694; x_wconf 68' lang='grc' dir='ltr'><strong><em>ῥηΐτεροι</em></strong></span> <span class='ocrx_word' id='word_1_99' title='bbox 341 1603 405 1692; x_wconf 85' lang='grc' dir='ltr'><strong><em>γάρ</em></strong></span> <span class='ocrx_word' id='word_1_100' title='bbox 423 1611 551 1692; x_wconf 77' lang='grc' dir='ltr'><strong><em>μᾶλλον</em></strong></span> <span class='ocrx_word' id='word_1_101' title='bbox 564 1601 739 1691; x_wconf 82' lang='grc' dir='ltr'><strong><em>Ἀχαιοῖσιν</em></strong></span> <span class='ocrx_word' id='word_1_102' title='bbox 755 1601 795 1691; x_wconf 80' lang='grc' dir='ltr'><strong><em>δὴ</em></strong></span> <span class='ocrx_word' id='word_1_103' title='bbox 813 1611 931 1674; x_wconf 78' lang='grc' dir='ltr'><strong><em>ἔσεσθε</em></strong></span> 
     </span>
     <span class='ocr_line' id='line_1_15' title="bbox 181 1701 1059 1798; baseline -0.005 -23"><span class='ocrx_word' id='word_1_104' title='bbox 181 1711 294 1775; x_wconf 83' lang='grc' dir='ltr'><strong><em>κείνου</em></strong></span> <span class='ocrx_word' id='word_1_105' title='bbox 310 1711 499 1791; x_wconf 81' lang='grc' dir='ltr'><strong><em>τεθνηῶτος</em></strong></span> <span class='ocrx_word' id='word_1_106' title='bbox 515 1706 695 1793; x_wconf 77' lang='grc' dir='ltr'><strong><em>ἐναιρέμεν.</em></strong></span> <span class='ocrx_word' id='word_1_107' title='bbox 715 1701 820 1790; x_wconf 78' lang='grc' dir='ltr'><strong><em>αὐτάρ</em></strong></span> <span class='ocrx_word' id='word_1_108' title='bbox 838 1709 950 1792; x_wconf 80' lang='grc' dir='ltr'><strong><em>ἔγωγε,</em></strong></span> <span class='ocrx_word' id='word_1_109' title='bbox 1056 1791 1059 1798; x_wconf 19' lang='grc' dir='ltr'><strong>μ</strong></span> 
     </span>
     <span class='ocr_line' id='line_1_16' title="bbox 180 1801 1137 1895; baseline -0.006 -19"><span class='ocrx_word' id='word_1_110' title='bbox 180 1808 258 1895; x_wconf 76' lang='grc' dir='ltr'><strong><em>πρὶν</em></strong></span> <span class='ocrx_word' id='word_1_111' title='bbox 275 1803 529 1891; x_wconf 74' lang='grc' dir='ltr'><strong><em>ἀλαπαζομένην</em></strong></span> <span class='ocrx_word' id='word_1_112' title='bbox 544 1831 579 1873; x_wconf 88' lang='grc' dir='ltr'><strong><em>τε</em></strong></span> <span class='ocrx_word' id='word_1_113' title='bbox 596 1803 695 1873; x_wconf 87' lang='grc' dir='ltr'><strong><em>πόλιν</em></strong></span> <span class='ocrx_word' id='word_1_114' title='bbox 710 1801 945 1890; x_wconf 65' lang='grc' dir='ltr'><strong><em>κεραϊζομένην</em></strong></span> <span class='ocrx_word' id='word_1_115' title='bbox 960 1829 996 1870; x_wconf 88' lang='grc' dir='ltr'><strong><em>τε</em></strong></span> <span class='ocrx_word' id='word_1_116' title='bbox 1087 1815 1137 1870; x_wconf 70' lang='lat'><strong><em>245</em></strong></span> 
     </span>
     <span class='ocr_line' id='line_1_17' title="bbox 181 1901 1004 1992; baseline -0.006 -17"><span class='ocrx_word' id='word_1_117' title='bbox 181 1901 406 1992; x_wconf 71' lang='grc' dir='ltr'><strong><em>ὀφθαλμοῖσιν</em></strong></span> <span class='ocrx_word' id='word_1_118' title='bbox 423 1908 516 1991; x_wconf 90' lang='grc' dir='ltr'><strong><em>ίδεῖν,</em></strong></span> <span class='ocrx_word' id='word_1_119' title='bbox 531 1910 631 1992; x_wconf 80' lang='grc' dir='ltr'><strong><em>βαίην</em></strong></span> <span class='ocrx_word' id='word_1_120' title='bbox 649 1903 755 1991; x_wconf 89' lang='grc' dir='ltr'><strong><em>δόμον</em></strong></span> <span class='ocrx_word' id='word_1_121' title='bbox 764 1903 875 1984; x_wconf 84' lang='grc' dir='ltr'><strong><em>’Ἁῖδος</em></strong></span> <span class='ocrx_word' id='word_1_122' title='bbox 891 1909 1004 1972; x_wconf 87' lang='grc' dir='ltr'><strong><em>εῖσω.“</em></strong></span> 
     </span>
    </p>

    <p class='ocr_par' dir='ltr' id='par_1_3' title="bbox 157 1997 1223 2591">
     <span class='ocr_line' id='line_1_18' title="bbox 157 1997 1049 2094; baseline -0.002 -20"><span class='ocrx_word' id='word_1_123' title='bbox 157 2039 164 2048; x_wconf 95' lang='grc'><strong><em>·</em></strong></span> <span class='ocrx_word' id='word_1_124' title='bbox 217 1997 259 2074; x_wconf 80' lang='grc' dir='ltr'><strong><em>Ἡ</em></strong></span> <span class='ocrx_word' id='word_1_125' title='bbox 284 2005 338 2074; x_wconf 81' lang='grc' dir='ltr'><strong><em>καλ</em></strong></span> <span class='ocrx_word' id='word_1_126' title='bbox 355 2009 526 2094; x_wconf 88' lang='grc' dir='ltr'><strong><em>σκηπανίφ</em></strong></span> <span class='ocrx_word' id='word_1_127' title='bbox 544 2000 624 2072; x_wconf 88' lang='grc' dir='ltr'><strong><em>δίεπ’</em></strong></span> <span class='ocrx_word' id='word_1_128' title='bbox 642 2001 777 2088; x_wconf 78' lang='grc' dir='ltr'><strong><em>ἀνέρας·</em></strong></span> <span class='ocrx_word' id='word_1_129' title='bbox 795 2005 829 2070; x_wconf 89' lang='grc' dir='ltr'><strong><em>οί</em></strong></span> <span class='ocrx_word' id='word_1_130' title='bbox 845 2000 876 2070; x_wconf 88' lang='grc' dir='ltr'><strong><em>δ’</em></strong></span> <span class='ocrx_word' id='word_1_131' title='bbox 893 2011 970 2072; x_wconf 89' lang='grc' dir='ltr'><strong><em>ῖσαν</em></strong></span> <span class='ocrx_word' id='word_1_132' title='bbox 986 2009 1049 2084; x_wconf 78' lang='grc' dir='ltr'><strong><em>ἔξω</em></strong></span> 
     </span>
     <span class='ocr_line' id='line_1_19' title="bbox 179 2097 1081 2194; baseline 0 -20"><span class='ocrx_word' id='word_1_133' title='bbox 179 2103 414 2192; x_wconf 82' lang='grc' dir='ltr'><strong><em>σπερχομένοιο</em></strong></span> <span class='ocrx_word' id='word_1_134' title='bbox 433 2103 597 2191; x_wconf 86' lang='grc' dir='ltr'><strong><em>γέροντος.</em></strong></span> <span class='ocrx_word' id='word_1_135' title='bbox 621 2099 638 2170; x_wconf 91' lang='grc' dir='ltr'><strong><em>ό</em></strong></span> <span class='ocrx_word' id='word_1_136' title='bbox 658 2100 688 2170; x_wconf 88' lang='grc' dir='ltr'><strong><em>δ’</em></strong></span> <span class='ocrx_word' id='word_1_137' title='bbox 710 2101 823 2170; x_wconf 86' lang='grc' dir='ltr'><strong><em>νίάσιν</em></strong></span> <span class='ocrx_word' id='word_1_138' title='bbox 839 2097 927 2171; x_wconf 85' lang='grc' dir='ltr'><strong><em>οἷσιν</em></strong></span> <span class='ocrx_word' id='word_1_139' title='bbox 942 2101 1081 2194; x_wconf 84' lang='grc' dir='ltr'><strong><em>ὁμόκλα,</em></strong></span> 
     </span>
     <span class='ocr_line' id='line_1_20' title="bbox 179 2198 1025 2290; baseline 0.002 -18"><span class='ocrx_word' id='word_1_140' title='bbox 179 2211 327 2274; x_wconf 86' lang='grc' dir='ltr'><strong><em>νεικείων</em></strong></span> <span class='ocrx_word' id='word_1_141' title='bbox 336 2201 476 2273; x_wconf 82' lang='grc' dir='ltr'><strong><em>Ἕλενόν</em></strong></span> <span class='ocrx_word' id='word_1_142' title='bbox 489 2228 523 2271; x_wconf 88' lang='grc' dir='ltr'><strong><em>τε</em></strong></span> <span class='ocrx_word' id='word_1_143' title='bbox 539 2201 650 2290; x_wconf 89' lang='grc' dir='ltr'><strong><em>Πάριν</em></strong></span> <span class='ocrx_word' id='word_1_144' title='bbox 666 2199 691 2270; x_wconf 86' lang='grc' dir='ltr'><strong><em>τ’</em></strong></span> <span class='ocrx_word' id='word_1_145' title='bbox 707 2198 882 2288; x_wconf 79' lang='grc' dir='ltr'><strong><em>Ἀγάθωνά</em></strong></span> <span class='ocrx_word' id='word_1_146' title='bbox 898 2229 933 2271; x_wconf 93' lang='grc' dir='ltr'><strong><em>τε</em></strong></span> <span class='ocrx_word' id='word_1_147' title='bbox 951 2208 1025 2274; x_wconf 84' lang='grc' dir='ltr'><strong><em>δῖον</em></strong></span> 
     </span>
     <span class='ocr_line' id='line_1_21' title="bbox 179 2299 1223 2393; baseline 0.001 -22"><span class='ocrx_word' id='word_1_148' title='bbox 179 2303 345 2391; x_wconf 87' lang='grc' dir='ltr'><strong><em>Πάμμονά</em></strong></span> <span class='ocrx_word' id='word_1_149' title='bbox 361 2299 386 2371; x_wconf 89' lang='grc' dir='ltr'><strong><em>τ’</em></strong></span> <span class='ocrx_word' id='word_1_150' title='bbox 403 2300 601 2388; x_wconf 86' lang='grc' dir='ltr'><strong><em>Ἀντίφονόν</em></strong></span> <span class='ocrx_word' id='word_1_151' title='bbox 616 2327 662 2388; x_wconf 91' lang='grc' dir='ltr'><strong><em>τε,</em></strong></span> <span class='ocrx_word' id='word_1_152' title='bbox 680 2299 767 2389; x_wconf 79' lang='grc' dir='ltr'><strong><em>βοὴν</em></strong></span> <span class='ocrx_word' id='word_1_153' title='bbox 788 2300 921 2388; x_wconf 90' lang='grc' dir='ltr'><strong><em>άγαθόν</em></strong></span> <span class='ocrx_word' id='word_1_154' title='bbox 937 2330 972 2372; x_wconf 90' lang='grc' dir='ltr'><strong><em>τε</em></strong></span> <span class='ocrx_word' id='word_1_155' title='bbox 990 2311 1136 2393; x_wconf 87' lang='grc' dir='ltr'><strong><em>Πολίτην</em></strong></span> <span class='ocrx_word' id='word_1_156' title='bbox 1222 2365 1223 2372; x_wconf 71' lang='grc'>,</span> 
     </span>
     <span class='ocr_line' id='line_1_22' title="bbox 177 2399 1132 2490; baseline 0.004 -20"><span class='ocrx_word' id='word_1_157' title='bbox 177 2401 354 2490; x_wconf 78' lang='grc' dir='ltr'><strong><em>Δηΐφοβόν</em></strong></span> <span class='ocrx_word' id='word_1_158' title='bbox 370 2429 405 2472; x_wconf 87' lang='grc' dir='ltr'><strong><em>τε</em></strong></span> <span class='ocrx_word' id='word_1_159' title='bbox 422 2404 476 2472; x_wconf 77' lang='grc' dir='ltr'><strong><em>καὶ</em></strong></span> <span class='ocrx_word' id='word_1_160' title='bbox 486 2399 669 2471; x_wconf 86' lang='grc' dir='ltr'><strong><em>Ἱππόθοον</em></strong></span> <span class='ocrx_word' id='word_1_161' title='bbox 686 2403 741 2470; x_wconf 80' lang='grc' dir='ltr'><strong><em>καὶ</em></strong></span> <span class='ocrx_word' id='word_1_162' title='bbox 757 2409 844 2470; x_wconf 87' lang='grc' dir='ltr'><strong><em>Δῖον</em></strong></span> <span class='ocrx_word' id='word_1_163' title='bbox 861 2399 1003 2490; x_wconf 89' lang='grc' dir='ltr'><strong><em>άγανόν·</em></strong></span> <span class='ocrx_word' id='word_1_164' title='bbox 1086 2420 1132 2474; x_wconf 74' lang='grc' dir='ltr'><strong><em>ῖοῖ</em></strong></span> 
     </span>
     <span class='ocr_line' id='line_1_23' title="bbox 176 2497 1222 2591; baseline -0.001 -20"><span class='ocrx_word' id='word_1_165' title='bbox 176 2501 275 2571; x_wconf 82' lang='grc' dir='ltr'><strong><em>ἐννέα</em></strong></span> <span class='ocrx_word' id='word_1_166' title='bbox 290 2515 358 2582; x_wconf 85' lang='grc' dir='ltr'><strong><em>τοῖς</em></strong></span> <span class='ocrx_word' id='word_1_167' title='bbox 374 2498 392 2572; x_wconf 87' lang='grc' dir='ltr'><strong>ὁ</strong></span> <span class='ocrx_word' id='word_1_168' title='bbox 410 2503 541 2591; x_wconf 86' lang='grc' dir='ltr'><strong><em>γεραιός</em></strong></span> <span class='ocrx_word' id='word_1_169' title='bbox 557 2498 744 2589; x_wconf 82' lang='grc' dir='ltr'><strong><em>ὁμοκλήσας</em></strong></span> <span class='ocrx_word' id='word_1_170' title='bbox 761 2502 913 2572; x_wconf 83' lang='grc' dir='ltr'><strong><em>ἐκέλευεν</em></strong></span> <span class='ocrx_word' id='word_1_171' title='bbox 1221 2497 1222 2515; x_wconf 65' lang='grc'>’</span> 
     </span>
    </p>

    <p class='ocr_par' dir='ltr' id='par_1_4' title="bbox 95 2598 1221 2688">
     <span class='ocr_line' id='line_1_24' title="bbox 95 2598 1221 2688; baseline 0.003 -21"><span class='ocrx_word' id='word_1_172' title='bbox 95 2641 98 2651; x_wconf 84' lang='grc'><em>·</em></span> <span class='ocrx_word' id='word_1_173' title='bbox 218 2599 412 2687; x_wconf 87' lang='grc' dir='ltr'><strong><em>,,Σπεόσατέ</em></strong></span> <span class='ocrx_word' id='word_1_174' title='bbox 428 2627 495 2687; x_wconf 91' lang='grc' dir='ltr'><strong><em>μοι,</em></strong></span> <span class='ocrx_word' id='word_1_175' title='bbox 514 2598 600 2670; x_wconf 82' lang='grc' dir='ltr'><strong><em>κακά</em></strong></span> <span class='ocrx_word' id='word_1_176' title='bbox 618 2599 730 2688; x_wconf 86' lang='grc' dir='ltr'><strong><em>τέκνα,</em></strong></span> <span class='ocrx_word' id='word_1_177' title='bbox 755 2600 949 2688; x_wconf 86' lang='grc' dir='ltr'><strong><em>κατηφόνες.</em></strong></span> <span class='ocrx_word' id='word_1_178' title='bbox 981 2599 1049 2670; x_wconf 82' lang='grc' dir='ltr'><strong><em>αίθ’</em></strong></span> <span class='ocrx_word' id='word_1_179' title='bbox 1069 2601 1133 2688; x_wconf 80' lang='grc' dir='ltr'><strong><em>ἅμα</em></strong></span> <span class='ocrx_word' id='word_1_180' title='bbox 1220 2629 1221 2655; x_wconf 63' lang='lat'>³</span> 
     </span>
    </p>

    <p class='ocr_par' dir='ltr' id='par_1_5' title="bbox 671 2726 790 2782">
     <span class='ocr_line' id='line_1_25' title="bbox 671 2726 790 2782; baseline 0.008 -15"><span class='ocrx_word' id='word_1_181' title='bbox 671 2726 790 2782; x_wconf 83' lang='grc' dir='ltr'><strong><em>παντες</em></strong></span> 
     </span>
    </p>

    <p class='ocr_par' dir='ltr' id='par_1_6' title="bbox 107 2793 1219 2987">
     <span class='ocr_line' id='line_1_26' title="bbox 169 2793 1058 2889; baseline 0.004 -23"><span class='ocrx_word' id='word_1_182' title='bbox 169 2797 323 2886; x_wconf 80' lang='grc' dir='ltr'><strong><em>Ἕκτορος</em></strong></span> <span class='ocrx_word' id='word_1_183' title='bbox 342 2793 475 2883; x_wconf 73' lang='grc' dir='ltr'><strong><em>ὠφέλετ’</em></strong></span> <span class='ocrx_word' id='word_1_184' title='bbox 493 2795 566 2866; x_wconf 83' lang='grc' dir='ltr'><strong><em>άντῖ</em></strong></span> <span class='ocrx_word' id='word_1_185' title='bbox 582 2805 668 2889; x_wconf 79' lang='grc' dir='ltr'><strong><em>θοῇς</em></strong></span> <span class='ocrx_word' id='word_1_186' title='bbox 685 2802 737 2869; x_wconf 79' lang='grc' dir='ltr'><strong><em>ἐπὶ</em></strong></span> <span class='ocrx_word' id='word_1_187' title='bbox 755 2803 851 2888; x_wconf 85' lang='grc' dir='ltr'><strong><em>νηνσλ</em></strong></span> <span class='ocrx_word' id='word_1_188' title='bbox 869 2799 1058 2885; x_wconf 90' lang='grc' dir='ltr'><strong><em>πεφάσθαι·</em></strong></span> 
     </span>
     <span class='ocr_line' id='line_1_27' title="bbox 107 2891 1219 2987; baseline 0.004 -23"><span class='ocrx_word' id='word_1_189' title='bbox 107 2891 110 2898; x_wconf 62' lang='grc'><strong>’</strong></span> <span class='ocrx_word' id='word_1_190' title='bbox 178 2894 276 2984; x_wconf 67' lang='grc' dir='ltr'><strong><em>οἶμοι</em></strong></span> <span class='ocrx_word' id='word_1_191' title='bbox 293 2893 357 2982; x_wconf 77' lang='grc' dir='ltr'><strong><em>έγό</em></strong></span> <span class='ocrx_word' id='word_1_192' title='bbox 374 2896 598 2984; x_wconf 87' lang='grc' dir='ltr'><strong><em>πανάποτμος,</em></strong></span> <span class='ocrx_word' id='word_1_193' title='bbox 615 2900 685 2966; x_wconf 78' lang='grc' dir='ltr'><strong><em>ἐπεὶ</em></strong></span> <span class='ocrx_word' id='word_1_194' title='bbox 702 2896 801 2966; x_wconf 85' lang='grc' dir='ltr'><strong><em>τέκον</em></strong></span> <span class='ocrx_word' id='word_1_195' title='bbox 818 2893 892 2979; x_wconf 78' lang='grc' dir='ltr'><strong><em>υἷας</em></strong></span> <span class='ocrx_word' id='word_1_196' title='bbox 908 2896 1063 2987; x_wconf 88' lang='grc' dir='ltr'><strong><em>άρίστονς</em></strong></span> <span class='ocrx_word' id='word_1_197' title='bbox 1084 2916 1132 2970; x_wconf 77' lang='lat'><strong><em>255</em></strong></span> <span class='ocrx_word' id='word_1_198' title='bbox 1218 2893 1219 2937; x_wconf 46' lang='grc' dir='ltr'><strong><em>ἐ</em></strong></span> 
     </span>
    </p>
   </div>
   <div class='ocr_carea' id='block_1_3' title="bbox 1117 1695 1141 1732">
    <p class='ocr_par' dir='ltr' id='par_1_7' title="bbox 1117 1695 1141 1732">
     <span class='ocr_line' id='line_1_28' title="bbox 1117 1695 1141 1732; baseline 0 -8"><span class='ocrx_word' id='word_1_199' title='bbox 1117 1695 1141 1732; x_wconf 63' lang='lat' dir='ltr'>b</span> 
     </span>
    </p>
   </div>
   <div class='ocr_carea' id='block_1_4' title="bbox 137 2993 1218 3574">
    <p class='ocr_par' dir='ltr' id='par_1_8' title="bbox 181 2993 1218 3084">
     <span class='ocr_line' id='line_1_29' title="bbox 181 2993 1218 3084; baseline 0.005 -22"><span class='ocrx_word' id='word_1_200' title='bbox 181 3002 281 3084; x_wconf 85' lang='grc' dir='ltr'><strong><em>Τροίη</em></strong></span> <span class='ocrx_word' id='word_1_201' title='bbox 299 2997 336 3062; x_wconf 83' lang='grc' dir='ltr'><strong><em>έν</em></strong></span> <span class='ocrx_word' id='word_1_202' title='bbox 352 2993 473 3084; x_wconf 86' lang='grc' dir='ltr'><strong><em>εόρείη,</em></strong></span> <span class='ocrx_word' id='word_1_203' title='bbox 493 3002 561 3063; x_wconf 77' lang='grc' dir='ltr'><strong><em>τοῖν</em></strong></span> <span class='ocrx_word' id='word_1_204' title='bbox 580 2994 612 3064; x_wconf 89' lang='grc' dir='ltr'><strong><em>δ’</em></strong></span> <span class='ocrx_word' id='word_1_205' title='bbox 631 2994 748 3064; x_wconf 81' lang='grc' dir='ltr'><strong><em>οὔτινά</em></strong></span> <span class='ocrx_word' id='word_1_206' title='bbox 768 3023 853 3084; x_wconf 90' lang='grc' dir='ltr'><strong><em>φημι</em></strong></span> <span class='ocrx_word' id='word_1_207' title='bbox 870 3005 1055 3084; x_wconf 85' lang='grc' dir='ltr'><strong><em>λελεῖφθαι,</em></strong></span> <span class='ocrx_word' id='word_1_208' title='bbox 1217 3009 1218 3080; x_wconf 68' lang='grc' dir='ltr'><strong><em>λ</em></strong></span> 
     </span>
    </p>

    <p class='ocr_par' dir='ltr' id='par_1_9' title="bbox 137 3090 1217 3184">
     <span class='ocr_line' id='line_1_30' title="bbox 137 3090 1217 3184; baseline 0.003 -22"><span class='ocrx_word' id='word_1_209' title='bbox 137 3102 142 3112; x_wconf 87' lang='grc'><strong>’</strong></span> <span class='ocrx_word' id='word_1_210' title='bbox 177 3090 343 3180; x_wconf 73' lang='grc' dir='ltr'><strong><em>Μήστορά</em></strong></span> <span class='ocrx_word' id='word_1_211' title='bbox 358 3090 384 3160; x_wconf 90' lang='grc' dir='ltr'><strong><em>τ’</em></strong></span> <span class='ocrx_word' id='word_1_212' title='bbox 402 3090 560 3162; x_wconf 88' lang='grc' dir='ltr'><strong><em>άντίθεον</em></strong></span> <span class='ocrx_word' id='word_1_213' title='bbox 576 3096 631 3164; x_wconf 81' lang='grc' dir='ltr'><strong><em>καὶ</em></strong></span> <span class='ocrx_word' id='word_1_214' title='bbox 651 3101 800 3179; x_wconf 84' lang='grc' dir='ltr'><strong><em>Τρωΐλον</em></strong></span> <span class='ocrx_word' id='word_1_215' title='bbox 817 3096 1042 3184; x_wconf 76' lang='grc' dir='ltr'><strong><em>ἱππιοχάρμην</em></strong></span> <span class='ocrx_word' id='word_1_216' title='bbox 1216 3113 1217 3128; x_wconf 72' lang='grc'>’</span> 
     </span>
    </p>

    <p class='ocr_par' dir='ltr' id='par_1_10' title="bbox 169 3187 1216 3284">
     <span class='ocr_line' id='line_1_31' title="bbox 169 3187 1216 3284; baseline 0.008 -26"><span class='ocrx_word' id='word_1_217' title='bbox 169 3189 306 3276; x_wconf 76' lang='grc' dir='ltr'><strong><em>Ἕκτορά</em></strong></span> <span class='ocrx_word' id='word_1_218' title='bbox 323 3187 368 3277; x_wconf 85' lang='grc' dir='ltr'><strong><em>θ’,</em></strong></span> <span class='ocrx_word' id='word_1_219' title='bbox 386 3187 422 3270; x_wconf 83' lang='grc' dir='ltr'><strong><em>ός</em></strong></span> <span class='ocrx_word' id='word_1_220' title='bbox 438 3190 518 3272; x_wconf 85' lang='grc' dir='ltr'><strong><em>θεός</em></strong></span> <span class='ocrx_word' id='word_1_221' title='bbox 535 3198 610 3261; x_wconf 81' lang='grc' dir='ltr'><strong><em>ἔσκε</em></strong></span> <span class='ocrx_word' id='word_1_222' title='bbox 626 3192 692 3281; x_wconf 89' lang='grc' dir='ltr'><strong><em>μετ’</em></strong></span> <span class='ocrx_word' id='word_1_223' title='bbox 712 3192 885 3282; x_wconf 86' lang='grc' dir='ltr'><strong><em>άνδράσιν,</em></strong></span> <span class='ocrx_word' id='word_1_224' title='bbox 904 3193 983 3264; x_wconf 83' lang='grc' dir='ltr'><strong><em>οόδέ</em></strong></span> <span class='ocrx_word' id='word_1_225' title='bbox 1001 3195 1095 3284; x_wconf 88' lang='grc' dir='ltr'><strong><em>ἐφ’κει</em></strong></span> <span class='ocrx_word' id='word_1_226' title='bbox 1215 3263 1216 3278; x_wconf 35' lang='grc'><strong><em>,</em></strong></span> 
     </span>
    </p>

    <p class='ocr_par' dir='ltr' id='par_1_11' title="bbox 177 3287 988 3381">
     <span class='ocr_line' id='line_1_32' title="bbox 177 3287 988 3381; baseline 0.012 -27"><span class='ocrx_word' id='word_1_227' title='bbox 177 3287 298 3368; x_wconf 86' lang='grc' dir='ltr'><strong><em>άνδρός</em></strong></span> <span class='ocrx_word' id='word_1_228' title='bbox 315 3315 351 3374; x_wconf 92' lang='grc' dir='ltr'><strong><em>γε</em></strong></span> <span class='ocrx_word' id='word_1_229' title='bbox 370 3298 500 3377; x_wconf 87' lang='grc' dir='ltr'><strong><em>θνητοῦ</em></strong></span> <span class='ocrx_word' id='word_1_230' title='bbox 518 3292 595 3372; x_wconf 89' lang='grc' dir='ltr'><strong><em>πάῖς</em></strong></span> <span class='ocrx_word' id='word_1_231' title='bbox 611 3301 758 3381; x_wconf 80' lang='grc' dir='ltr'><strong><em>ἔμμεναι,</em></strong></span> <span class='ocrx_word' id='word_1_232' title='bbox 777 3289 860 3362; x_wconf 83' lang='grc' dir='ltr'><strong><em>άλλόι</em></strong></span> <span class='ocrx_word' id='word_1_233' title='bbox 877 3301 988 3364; x_wconf 88' lang='grc' dir='ltr'><strong><em>θεοῖο·</em></strong></span> 
     </span>
    </p>

    <p class='ocr_par' dir='ltr' id='par_1_12' title="bbox 179 3382 1129 3574">
     <span class='ocr_line' id='line_1_33' title="bbox 179 3382 1128 3482; baseline 0.011 -32"><span class='ocrx_word' id='word_1_234' title='bbox 179 3409 254 3461; x_wconf 83' lang='grc' dir='ltr'><strong><em>τους</em></strong></span> <span class='ocrx_word' id='word_1_235' title='bbox 271 3410 332 3482; x_wconf 86' lang='grc' dir='ltr'><strong><em>μεν</em></strong></span> <span class='ocrx_word' id='word_1_236' title='bbox 350 3382 490 3455; x_wconf 75' lang='grc' dir='ltr'><strong><em>άπάλεό</em></strong></span> <span class='ocrx_word' id='word_1_237' title='bbox 512 3387 627 3476; x_wconf 61' lang='grc' dir='ltr'><strong><em>Ἄρης,</em></strong></span> <span class='ocrx_word' id='word_1_238' title='bbox 645 3387 684 3458; x_wconf 82' lang='grc' dir='ltr'><strong><em>τά</em></strong></span> <span class='ocrx_word' id='word_1_239' title='bbox 702 3389 733 3458; x_wconf 90' lang='grc' dir='ltr'><strong><em>δ’</em></strong></span> <span class='ocrx_word' id='word_1_240' title='bbox 752 3391 884 3479; x_wconf 78' lang='grc' dir='ltr'><strong><em>ἐλέγχεα</em></strong></span> <span class='ocrx_word' id='word_1_241' title='bbox 899 3391 1010 3462; x_wconf 88' lang='grc' dir='ltr'><strong><em>πάντα</em></strong></span> <span class='ocrx_word' id='word_1_242' title='bbox 1028 3395 1128 3463; x_wconf 87' lang='grc' dir='ltr'><strong><em>λέλει-</em></strong></span> 
     </span>
     <span class='ocr_line' id='line_1_34' title="bbox 669 3505 1129 3574; baseline 0.009 -18"><span class='ocrx_word' id='word_1_243' title='bbox 669 3515 756 3574; x_wconf 89' lang='grc' dir='ltr'><strong><em>πται,</em></strong></span> <span class='ocrx_word' id='word_1_244' title='bbox 1082 3505 1129 3560; x_wconf 70' lang='lat'><strong><em>260</em></strong></span> 
     </span>
    </p>
   </div>
   <div class='ocr_carea' id='block_1_5' title="bbox 0 0 1240 3926">
    <p class='ocr_par' dir='ltr' id='par_1_13' title="bbox 0 0 1240 3926">
     <span class='ocr_line' id='line_1_35' title="bbox 0 0 1240 3926; baseline 0 2"><span class='ocrx_word' id='word_1_245' title='bbox 0 0 1240 3926; x_wconf 95' lang='lat' dir='ltr'><strong><em> </em></strong></span> 
     </span>
    </p>
   </div>
  </div>
 </body>
</html>
