2438 3918
177 206 238 270 358
518 211 733 270 [maoz
754 213 783 269 P.

218 365 369 456 ,,Ἒκτορ,
390 376 437 449 τίς
455 370 494 437 κέ
512 367 540 438 α’
560 367 602 436 ἔτ’
621 368 722 450 ἄλλος
738 368 875 456 Ἀχαιῶν
894 366 1103 457 ταρβήσειενχ

178 463 251 537 οἷον
270 468 309 556 δή
329 473 508 538 Μενέλαον
526 466 718 556 ὑπέτρεσας,
739 466 776 549 ὃς
794 468 831 538 τό
853 469 959 557 πάρος
978 492 1041 557 περ

177 565 350 654 μαλθακός
368 568 537 655 αίχμητής·
559 575 624 636 νῦν
644 566 676 634 δ’
696 575 818 654 οίχεται
837 568 906 648 οίος
927 567 1040 654 άείρας

178 666 299 752 νεκρόν
318 663 401 735 ὑπὲκ
424 667 559 752 Τροίαν,
580 664 643 735 σόν
662 665 692 734 δ’
714 674 838 752 ἔκτανεΙ
850 665 968 736 πιστόν
987 667 1120 751 ἑταίραν,

177 763 302 834 ἐσθλόν
321 765 369 833 ἐνὶ
388 765 595 852 προμάχοισι,
615 770 741 854 Ποδῆν,
762 764 839 834 υίόν
853 765 1061 844 Ἠετίωνος.“
1078 778 1121 832 59⁰

218 861 279 944 Ὣς
296 863 392 951 φάτο,
409 862 468 934 τὸν
484 861 517 932 δ’
534 863 628 950 άχεος
644 869 767 953 νεφέλη
783 866 928 947 ἐκάλυψε
944 868 1091 951 μέλαινα,

177 971 222 1051 βῆ
237 963 271 1033 δέ
289 961 342 1032 διά
358 964 538 1051 προμάχων
557 969 805 1050 κεκορυθμένος
821 974 940 1034 αίθοπι
955 971 1076 1051 χαλκῷ.

177 1064 232 1130 καί
249 1061 310 1131 τότ’
329 1061 394 1150 άρα
412 1068 577 1151 Κρονίδης
593 1062 671 1134 ἕλεά
693 1069 802 1150 αίγίδα
820 1063 1080 1134 θυσσανόεσσαν

177 1164 380 1250 μαρμαρέην,
395 1160 488 1248 Ἴδην
504 1163 539 1232 δέ
555 1160 637 1231 κατὰ
654 1167 808 1249 νεφέεσσι
824 1164 985 1249 κάλυψεν,

177 1259 346 1347 άστράψας
364 1263 399 1330 δὲ
415 1262 503 1348 μάλα
519 1261 631 1348 μεγάλ’
649 1268 778 1351 ἔκτυπε,
796 1264 857 1351 τήν
874 1261 906 1332 δ’
925 1267 1085 1344 ἐτίναξεν·

178 1366 274 1447 νίκην
290 1360 326 1429 δέ
345 1360 493 1447 Τριόεσσι
511 1366 615 1449 δίδου,
634 1363 779 1451 ἐφόβησε
797 1362 829 1433 δ’
845 1363 1002 1452 Ἀχαιούς.
1077 1375 1121 1430 596

214 1466 352 1545 Προῖτος
367 1463 542 1546 Πηνέλεως
559 1460 716 1543 Βοιάτιος
733 1455 812 1551 ἦρχε
831 1463 959 1552 φόβοιο.

177 1566 276 1645 βλῆτο
295 1557 359 1644 γάρ
377 1550 469 1645 άμον
486 1561 591 1648 δουρί,
610 1561 724 1647 πρόσω
741 1569 963 1650 τετραμμένος
978 1563 1052 1647 αίεὶ,

177 1657 282 1745 άκρον
298 1662 482 1746 ἐπιλίγδην·
505 1660 634 1746 γράψεν
652 1663 691 1728 δέ
705 1663 740 1728 οί
754 1657 870 1730 ὀστέον
887 1660 980 1747 άχρις

177 1756 273 1845 αίχμὴ
285 1758 582 1844 Πουλυδάμαντος·
600 1758 618 1828 ὁ
634 1761 699 1849 γάρ
717 1757 749 1847 ρ’
761 1766 859 1848 ἐβαλε
870 1757 990 1847 σχεδόν
1006 1757 1118 1827 ἐλθόν.

180 1851 518 1946 Αήῑτυναόθ’Ἕκτωρ
530 1860 648 1947 σχεδόν
659 1859 781 1928 οὔτασε
791 1859 867 1948 χεῖρ’
876 1860 928 1928 ἐπὶ
939 1865 1067 1948 καρπῷ,
1075 1872 1117 1926 601
1192 1887 1193 1927 ι

177 1957 252 2028 υίόν
271 1957 506 2047 Ἀλεκτρυόνος
522 1960 730 2048 μεγαθύμου,
751 1968 858 2028 παῦσε
878 1960 914 2028 δὲ
930 1955 1071 2045 χάρμης·

176 2062 290 2145 τρέσσε
310 2061 345 2130 δέ
363 2059 544 2148 παπτήνας,
562 2062 632 2130 ἐπεὶ
648 2058 759 2130 οὐκέτι
777 2065 892 2128 ἔλπετο
908 2065 1012 2149 θυμῷ

177 2167 269 2246 ἔγχος
287 2166 370 2248 ἔχων
387 2164 424 2231 ἐν
440 2163 523 2248 χειρί
538 2161 746 2249 μαχήσεσθαι
766 2159 948 2248 Τράεσσιν.

168 2257 307 2344 Ἕκτορα
325 2258 358 2328 δ’
374 2257 556 2346 Ἰδομενεὺς
571 2258 651 2346 μετά
671 2256 1006 2361 Λήϊτονὸρμηθέντα
1075 2271 1120 2326 605
1190 2307 1191 2347 η

175 2357 328 2447 βεβλήκει
345 2358 483 2447 θάρηκα
499 2358 581 2428 κατὰ
601 2366 724 2446 στῆθος
741 2357 831 2442 παρά
850 2355 967 2444 μαζόν·

175 2461 213 2527 ἐν
230 2464 343 2544 καυλῷ
362 2455 393 2526 δ’
413 2455 491 2546 ἐάγη
510 2455 644 2545 δολιχόν
663 2459 758 2545 δόρυ,
775 2459 827 2526 τοί
847 2457 878 2526 δ’
897 2456 1045 2545 ἐβόησαν

178 2563 297 2644 Τρῶες.
331 2556 348 2626 ὁ
366 2555 397 2626 δ’
415 2556 599 2646 Ἰδομενῆος
616 2555 770 2628 άκόντισε
788 2561 999 2626 Δευκαλίδαο

175 2663 282 2746 δίφρφ
301 2656 511 2743 ἐφεσταότος·
533 2666 595 2726 τοῦ
610 2661 673 2744 μέν
689 2655 722 2744 ῤ’
734 2653 799 2724 άπὸ
820 2652 947 2724 τυτθόν
963 2652 1117 2740 ἅμαρτεν·
1188 2725 1189 2765 ἢ

174 2753 279 2840 αὐτάρ
297 2751 323 2826 ὁ,
334 2755 511 2843 Μηριόναο
528 2754 658 2824 ὀπάονά
676 2755 708 2824 θ’
725 2753 861 2842 ἡνίοχόν
876 2780 922 2840 τε,
1074 2767 1119 2822 610

176 2862 352 2942 Κοίρανον,
376 2853 413 2932 ὅς
430 2853 462 2942 ῥ’
481 2860 517 2924 ἐκ
533 2855 669 2925 Λύκτου
685 2856 877 2941 ἐϋκτιμένης
894 2851 979 2921 ἕπετ’
997 2850 1085 2940 αὐτῷ
1102 2890 1115 2900 -
1187 2929 1188 2938 ¹

173 2958 268 3035 πεζός
285 2951 348 3039 γάρ
367 2951 406 3022 τά
426 2961 538 3038 πρώτα
555 2952 663 3024 λιπάν
681 2957 757 3034 νέας
773 2952 991 3041 άμφιελίσσας

173 3053 290 3141 ήλυθε,
309 3058 368 3120 καί
383 3077 420 3120 κε
441 3055 551 3136 Τρωσὶ
567 3057 650 3140 μέγα
667 3053 788 3141 κράτος
805 3052 1008 3140 ἐγγυάλιξεν,

174 3159 203 3220 εί
219 3150 262 3239 μή
281 3157 445 3238 Κοίρανος
460 3143 529 3220 άκα
547 3153 717 3232 ποδώκεας
733 3151 857 3240 ήλασεν
873 3156 1011 3231 ἵππους·

173 3251 228 3317 καὶ
245 3256 290 3338 τῷ
307 3251 369 3335 μὲν
386 3247 473 3335 φάος
489 3242 604 3338 ἦλθεν,
622 3251 729 3338 άμννε
748 3253 784 3321 δὲ
803 3254 916 3340 νηλεὲς
933 3243 1035 3338 ήμαρ,
1070 3264 1114 3317 615

174 3343 274 3424 αὐτὸς
291 3343 324 3413 δ’
342 3345 445 3414 ὤλεσε
462 3345 578 3434 θυμόν
595 3345 651 3434 ὑφ’
665 3346 822 3436 Ἕκτορος
839 3347 1064 3436 ἀνδροφόνοιο
1080 3387 1093 3398 -
1185 3347 1186 3393 ῐ

175 3440 233 3508 τὸν
246 3440 317 3529 βάλ’
332 3439 396 3512 {md
411 3455 576 3530 γναθμοῖο
595 3449 648 3515 καὶ
666 3448 796 3529 οὔατος,
815 3451 851 3517 ἐκ
869 3445 901 3515 δ’
914 3445 965 3530 ἄρ’
985 3445 1112 3520 ὀδόντας
