2442 3922
394 267 614 332 ΙΛΙΑΔΟΣ
632 277 679 332 Vl.
969 280 1029 348 1ss

69 424 228 506 ’Ἀτρείδης
243 427 431 511 Μενέλαος,
448 434 536 513 έχων
551 435 760 518 δολιχόσκιον
776 445 876 526 ἔγχος.

76 508 240 602 ’Ἄδρηστος
256 518 291 586 δ’
308 520 366 605 ἀρ’
384 531 497 594 ἔπειτα
513 528 628 616 λαβύν
643 536 808 620 ἐλλίσσετο
825 540 960 624 γούνων
996 559 1031 614 ⁴5

135 617 293 704 ,,Ζόγρει,
308 617 438 705 ’Λτρέος
454 629 517 712 νίλ,
535 627 579 696 σύ
594 627 626 696 δ’
644 629 719 712 ἀξια
734 637 823 715 δέξαι
838 637 970 709 ἀποινιι.

80 713 172 782 πολλά
189 715 221 784 δ’
240 722 278 786 ἐν
293 717 438 805 ἀφνειοῦ
454 727 580 812 πατρός
595 731 745 818 κειμήλια
760 749 875 823 κεῖται,

78 814 185 895 χαλκός
199 843 235 883 τε
251 821 378 904 χρυσός
393 849 429 892 τε
445 829 657 914 πολύκμητός
672 859 708 899 τε
723 839 867 924 σίδηρος,

78 917 137 978 τόν
150 915 207 981 κέν
223 941 275 982 τοι
289 923 461 1006 ’χαρίσαιτο
478 925 585 1014 πατήρ
601 925 763 1016 ἀπερείσι’
780 934 912 1022 ἄποινα,

77 1019 104 1076 ελ
114 1038 168 1079 κεν
183 1015 239 1098 ἐμὲ
261 1016 347 1096 ζωόν
362 1022 542 1092 πεπύθοιτ’
559 1030 612 1095 ἐπὶ
626 1035 747 1116 νηυσίν
760 1031 931 1121 Ἀχαιῶν.“
992 1054 1028 1106 σο

124 1107 178 1190 Ὦς
194 1113 292 1202 φάτο,
310 1123 359 1204 τῷ
373 1117 405 1185 δ’
423 1121 489 1206 ἀρα
504 1125 620 1210 θυμόν
642 1132 690 1198 ἐνὶ
707 1133 888 1218 στήθεσσιν
902 1135 1025 1222 ὄρινεν.

76 1212 122 1276 καί
136 1212 176 1298 δή
190 1241 249 1299 μιν
264 1215 339 1300 τάχ’
355 1221 469 1302 ἔμελλε
485 1222 572 1304 θοάς
587 1229 641 1294 ἐπὶ
655 1236 738 1314 νῆας
751 1229 888 1317 Ἀχαιαῐν

76 1309 183 1379 δύσειν
199 1305 227 1402 ᾦ
242 1315 431 1402 θεράποντι
447 1327 643 1410 καταξέμεν·
661 1325 735 1394 ἀλλ’
751 1325 964 1418 Ἀγαμέμνων

76 1405 172 1490 ἀντίος
186 1405 273 1499 ήλθε
288 1420 392 1505 θέων,
410 1423 466 1487 καὶ
483 1417 673 1509 ὁμοκλήσας
688 1432 766 1506 ἔπος
780 1427 867 1513 ηύδα

125 1503 180 1596 ,Ὠ
195 1517 315 1600 πέπον,
333 1507 546 1609 όΜενίλαε,
563 1533 615 1610 τίη
633 1525 668 1592 δέ
684 1525 728 1591 σύ
743 1526 859 1612 κήδεαι
875 1525 982 1608 οῦτως

72 1603 209 1694 ἀνδρῦνς
225 1605 249 1699 ή
265 1616 319 1682 σοί
334 1613 454 1700 ἄριστα
470 1629 645 1708 πεποίηται
660 1625 743 1692 κατὰ
760 1625 854 1694 οἷκον
985 1644 1020 1699 σθ

71 1705 143 1795 πρός
160 1711 302 1795 Τροίων·
318 1723 388 1782 τόν
402 1718 498 1804 μήτις
514 1718 705 1809 ὑπεκφύγοι
720 1723 825 1792 αἰπύν
840 1725 987 1810 ὄλεθρον

70 1809 166 1894 χεῖράς
179 1810 219 1879 θ’
236 1810 413 1906 ἡμετέρας,
429 1818 509 1905 μηδ’
528 1821 644 1890 ὅντινα
658 1829 793 1912 γαστέρι
806 1826 915 1913 μήτηρ

68 1917 182 1992 κοῦρον
196 1914 298 1982 ε’όντα
314 1920 423 2004 φέροι,
440 1918 518 2004 μηδ’
538 1918 575 2000 ὃς
594 1923 708 2009 φύγοι,
725 1921 798 1993 ἀλλ’
817 1925 886 2010 ἅμα
901 1924 1019 2005 πάντες

66 2003 151 2076 Ἰλίου
164 2014 372 2092 ἐξαπολοίατ’
392 2014 569 2104 ἀκήδεστοι
584 2022 639 2089 καλ
656 2021 832 2107 ἀφαντοι.“
986 2038 1021 2092 6⁰

111 2105 167 2190 Ὦς
182 2112 290 2180 είποδν
305 2119 444 2200 ἔτρεφεν
460 2115 641 2204 ἀδελφειοῦ
657 2123 782 2206 φρένας
796 2119 896 2206 ήρως,

65 2217 168 2295 αλσιμα
183 2214 368 2295 παρειπών
404 2213 422 2284 ὁ
440 2214 472 2283 δ’
490 2214 555 2284 ἀπὸ
572 2219 655 2286 ἕθεν
672 2219 779 2286 ὤσατο
795 2220 879 2303 χειρὶ

64 2305 133 2390 ἥρω’
148 2309 350 2398 Ἄδρηστον·
368 2312 429 2381 τὸν
444 2317 481 2383 δὲ
496 2323 619 2403 κρείων
629 2315 844 2404 ’Λγαμέμνων

67 2398 141 2474 οὖτα
155 2407 241 2476 κατά
258 2412 433 2497 λαπάρην·
451 2411 469 2480 ό
490 2412 523 2481 δ’
535 2412 744 2503 ἀνετράπετ’,
759 2415 924 2502 Ἀτρείδης
940 2420 976 2482 δὲ

65 2501 116 2585 λάξ
134 2510 170 2574 έν
187 2509 329 2595 στήθεσι
348 2512 412 2597 βὰς
427 2515 585 2593 ἐξέσπασε
602 2521 752 2600 μείλινον
768 2520 870 2601 ἔγχος.
981 2529 1017 2584 ῦὸ

63 2603 191 2690 Νέστωρ
211 2605 243 2674 δ’
262 2607 460 2695 Ἀργείοισιν
476 2615 627 2681 ἐκέκλετο
644 2614 775 2700 μακρόν
792 2612 898 2693 ἀύσας

114 2698 171 2792 ,Ὠ
188 2713 282 2792 φίλοι
299 2708 409 2794 ήρωες
425 2713 566 2798 Δαναοὶ,
585 2713 791 2799 θεράποντες
803 2713 934 2799 Ἄρηος,

61 2803 98 2889 μή
113 2833 160 2885 τις
176 2815 246 2875 νῦν
261 2809 395 2890 ἐνάρων
412 2811 671 2897 ἐπιβαλλόμενος
687 2811 889 2896 μετόπισθεν

60 2905 206 2995 μιμνέτω,
226 2906 272 2986 ὥς
288 2933 349 2976 κεν
365 2915 503 2977 πλεῖστα
521 2911 636 2996 φέρων
654 2913 706 2977 ἐπὶ
722 2917 804 2995 νῆας
821 2913 941 2995 ἵκηται,

60 2999 123 3072 ἀλλ’
141 3004 270 3091 ἄνδρας
286 3014 486 3094 κτείνωμεν
503 3015 614 3078 ἔπειτα
631 3010 669 3076 δὲ
684 3011 739 3075 καὶ
754 3008 794 3074 τά
811 3010 922 3094 ἕκηλοι
981 3022 1015 3077 70

60 3102 189 3190 νεκρούς
206 3100 254 3191 ἀμ
271 3112 390 3174 πεδίον
408 3108 568 3194 συλήσετε
585 3114 809 3192 τεθνηῶτας.“

102 3200 161 3285 Ὦς
176 3207 284 3274 είπών
301 3207 431 3291 ω”τρννε
446 3208 547 3295 μένος
564 3211 620 3275 καλ
636 3205 751 3292 θυμόν
768 3206 918 3274 ἑκάστου.

13 3365 14 3372 ,
58 3306 131 3370 ἔνθα
148 3333 209 3373 κεν
226 3298 309 3373 αὖτε
330 3314 442 3389 Τρῶες
469 3309 658 3393 ἀρηϊφίλων
675 3301 734 3370 ὑπ’
748 3301 885 3387 Ἀχαιῶν

52 3397 139 3472 Ἴλιον
153 3405 388 3494 εἰσανέβησαν,
407 3403 599 3493 ἀναλκείῃσι
619 3403 786 3488 δαμέντες,

58 3509 87 3570 ελ
93 3503 135 3592 μή
152 3504 210 3590 ἀρ’
230 3511 352 3594 Αἰνεία
369 3531 404 3572 τε
422 3508 477 3573 καὶ
485 3505 619 3587 Ἕκτορι
637 3501 706 3570 εἶπε
725 3499 892 3583 παραστὰς
974 3507 1007 3566 Π
