2412 3918
209 267 271 331 218
546 268 768 328 ΙΛΙΛΔΟΣ
796 271 830 328 Λ.

251 420 316 516 „³62
333 434 463 514 Νέστορ
481 425 664 514 Νηληϊάδη,
682 427 765 512 μέγα
781 431 884 506 κῦδος
895 425 1044 513 Ἀχαιῶν,

207 528 313 616 άγρει,
332 535 402 597 σῶν
417 525 521 614 ὀχέων
537 525 703 612 έπιβήσεο,
720 523 789 612 πάρ
806 527 842 596 δέ
856 525 1010 613 Μαχάων

208 628 359 714 βαινέτω,
377 630 410 706 ές
427 633 509 714 νῆας
525 625 560 692 δὲ
575 621 694 710 τάχιστ’
713 631 764 710 έχε
778 626 934 712 μάνυχας
949 629 1082 704 ἵππους·

208 723 325 814 ἰητρὸς
335 723 400 812 γάρ
416 722 502 812 ἀνὴρ
519 730 653 792 πολλῶν
669 721 820 804 ἀντάξιος
835 724 948 794 άλλων

208 825 292 912 [ἰούς
306 823 332 893 τ’
344 824 519 911 ἐκτάμνειν
535 827 590 892 έπί
603 819 629 890 τ’
640 821 723 908 ήπια
739 823 897 910 φάρμακα
912 823 1093 908 πάσσειν].“
1103 839 1141 891 515

250 922 311 1004 Ὣς
326 923 428 1011 ἔφατ’,
444 920 519 991 οὐδ’
532 919 677 1008 άπῶησε
695 923 856 1010 Γερήνιος
872 922 996 992 ἱππότα
1012 925 1141 1006 Νέστωρ.

207 1021 327 1092 αὐτίκα
344 1021 374 1090 δ’
394 1014 443 1090 ῶν
459 1017 564 1107 ὀχέων
581 1021 770 1108 ἐπεβήσετο,
787 1019 856 1108 πάρ
872 1021 908 1090 δὲ
923 1020 1074 1107 Μαχάων

207 1121 303 1210 βαῖν’,
317 1123 515 1208 Ἀσκληπιοῦ
531 1118 604 1200 νίός
619 1119 791 1207 άμόμονος
807 1126 954 1209 ἰητῆρος·

208 1222 363 1308 μάστιξεν
379 1220 410 1289 δ’
427 1224 559 1308 ἵππους,
576 1217 621 1286 τά
640 1219 671 1287 δ’
689 1217 752 1288 οὐκ
765 1220 889 1288 1άκοντε
906 1221 1074 1304 πετέσθην

208 1329 290 1409 νήας
305 1327 358 1389 έπι
373 1320 561 1406 γλαφυράς·
578 1325 618 1406 τῇ
633 1317 697 1405 γάρ
715 1326 816 1404 φίλον
832 1325 948 1390 ἔπλετο
964 1325 1073 1408 θυμῷ.
1102 1333 1142 1384 5ῖο

247 1419 432 1508 Κεβριόνης
449 1422 484 1486 δὲ
504 1424 620 1504 Τρῶας
635 1416 851 1506 ὀρινομένους
865 1419 1006 1506 ἐνόησεν

209 1529 329 1604 Εκτορι
346 1516 551 1606 παρβεβαῶς,
567 1524 625 1585 καί
637 1545 695 1604 μιν
711 1517 793 1603 πρός
809 1526 923 1606 μῦθον
939 1524 1049 1588 ἔειπεν

248 1617 399 1704 ,,Ἕκτορ,
414 1622 479 1684 νῶῖ
492 1617 555 1702 μὲν
569 1616 686 1686 ἐνθάδ’
703 1615 877 1705 ὁμιλέομεν
891 1627 1085 1703 Δαναοῖσιν,

205 1721 338 1805 ἐσχατιῇ
354 1718 510 1801 πολέμοιο
527 1718 698 1803 δυσηχέος·
716 1717 799 1786 οἵδέ
816 1714 856 1804 δή
873 1717 970 1784 άλλοι

209 1823 320 1901 Τρῶες
336 1813 505 1899 ὀρίνονται
520 1817 636 1902 έπιμλξ,
653 1819 747 1888 ἵπποι
761 1842 797 1884 τε
812 1818 867 1886 καὶ
884 1812 988 1884 αὐτοί.
1101 1829 1141 1882 νεῖ
1188 1871 1189 1945 1

206 1927 290 1996 Αίας
306 1917 342 1986 δέ
358 1918 486 1983 κλονέει
503 1916 726 2002 Τελαμῶνιος·
745 1909 784 1984 εὖ
800 1917 838 1984 δέ
851 1943 910 2003 μιν
925 1919 1045 2000 έγνων·

205 2013 289 2102 εόρύ
304 2013 368 2102 γάρ
383 2011 461 2102 ἄμφ’
482 2012 621 2100 ῶμοισιν
637 2022 701 2101 έχει
718 2016 828 2094 σάκος.
857 2011 941 2082 άλλδι
959 2014 1015 2082 καλ
1030 2009 1114 2099 ἡμεῖς·
1187 2047 1188 2127 ή

208 2113 286 2187 net&
301 2119 424 2194 ἵππους
439 2139 474 2181 τε
490 2115 546 2182 καὶ
561 2113 636 2201 ἅρμ’
654 2116 827 2200 ίθύνομεν,
845 2119 931 2180 ἔνθα
945 2111 1085 2198 μάλιστα

206 2220 325 2302 ίππήες
341 2219 433 2295 πεζοί
444 2239 489 2299 τε,
507 2212 616 2299 κακήν
630 2217 723 2298 έριδα
738 2210 974 2300 προβαλόντες,
1186 2219 1187 2311 ή

205 2312 369 2398 ἀλλήλους
385 2311 548 2398 ὀλέκουσι,
565 2309 627 2398 βοή
644 2309 676 2378 δ’
692 2309 851 2397 άσβεστος
868 2310 1032 2396 ὀρωρεν.“
1102 2323 1143 2378 530
1185 2397 1186 2400 ¹

218 2415 223 2424 ’
251 2409 313 2488 Ὣς
328 2410 393 2495 άρα
409 2409 567 2497 φωνήσας
581 2415 699 2496 ἵμασεν
715 2416 923 2496 καλλίτριχας
938 2413 1063 2488 ἵππους
1185 2415 1186 2496 ή

205 2510 337 2595 μάστιγι
353 2515 485 2597 λιγυρῇ·
502 2510 552 2576 τολ
569 2510 605 2578 δὲ
620 2516 747 2596 πληγῆς
762 2507 890 2588 άῖοντες

204 2604 295 2694 ῥίμφ’
312 2613 435 2693 ἔφερον
451 2604 539 2674 θοόν
554 2606 644 2695 άρμα
659 2605 740 2694 μετὰ
760 2614 877 2692 Τρῶας
891 2607 947 2676 καὶ
960 2603 1113 2692 Ἀχαιοὺς,
1184 2597 1185 2680 λ

204 2711 389 2792 στείβοντες
405 2706 526 2784 νέκυάς
542 2731 577 2773 τε
592 2707 647 2774 καὶ
662 2703 815 2784 άσπίδας·
832 2708 944 2790 αἵματι
959 2701 991 2770 δ’
1009 2701 1097 2784 άξων
1183 2723 1184 2792 3

204 2807 328 2888 νέρθεν
344 2801 430 2881 άπας
446 2802 635 2871 πεπάλακτο
651 2805 705 2872 καὶ
722 2802 862 2889 άντυγες
876 2806 914 2871 αλ
932 2803 1008 2889 περὶ
1023 2807 1141 2889 δίφρον,
1183 2793 1184 2862 λ

204 2897 242 2980 ἃς
258 2899 309 2985 ἄρ’
323 2896 379 2986 ἀφ’
395 2905 536 2968 λππείων
551 2899 681 2970 ὁπλέων
697 2903 902 2990 ῥαθάμιγγες
918 2908 1063 2989 ἔβαλλον
1102 2913 1142 2971 536

203 2996 275 3066 αἵτ’
293 2995 345 3066 άιέ
364 2999 587 3086 έπισσάτρων.
618 2998 637 3069 ὁ
655 3003 771 3071 δλῖετο
788 3007 886 3070 δῦναι
903 3000 1022 3088 ὅμιλον

201 3096 391 3183 άνδρόμεον
406 3100 503 3183 βήξαί
514 3125 550 3165 τε
564 3101 780 3188 μετάλμενος·
797 3104 835 3170 έν
852 3101 887 3169 δὲ
903 3098 1067 3188 κυδοιμόν

202 3187 263 3281 ἧκε
278 3195 384 3264 κακὸν
400 3204 573 3283 Δαναοῖσι,
590 3205 740 3284 μίνυνθα
757 3199 793 3268 δέ
808 3199 921 3286 χάζετο
938 3199 1069 3286 δουρός.

202 3293 308 3380 αὐτάρ
324 3291 342 3362 ὁ
358 3303 426 3362 τῶν
442 3294 554 3362 ἄλλων
569 3299 766 3367 ἐπεπωλεῖτο
784 3305 895 3385 στίχας
910 3297 1046 3385 ἀνδρῶν
1100 3310 1142 3366 ὀλο

201 3397 289 3476 έγχελ
301 3389 327 3457 τ’
344 3391 423 3478 άορί
436 3417 470 3458 τε
486 3393 660 3479 μεγάλοισί
672 3423 707 3464 τε
724 3401 961 3484 χερμαδίοισιν,

203 3497 345 3566 Αἴαντος
361 3485 396 3554 δ’
413 3485 540 3559 άλέεινε
557 3493 666 3580 μάχην
686 3495 955 3584 Τελαμωνιάδαο.
