<?xml version="1.0" encoding="UTF-8"?>
<!DOCTYPE html PUBLIC "-//W3C//DTD XHTML 1.0 Transitional//EN"
    "http://www.w3.org/TR/xhtml1/DTD/xhtml1-transitional.dtd">
<html xmlns="http://www.w3.org/1999/xhtml" xml:lang="en" lang="en">
 <head>
  <title>
</title>
<meta http-equiv="Content-Type" content="text/html;charset=utf-8" />
  <meta name='ocr-system' content='tesseract 3.04.00' />
  <meta name='ocr-capabilities' content='ocr_page ocr_carea ocr_par ocr_line ocrx_word'/>
</head>
<body>
  <div class='ocr_page' id='page_1' title='image "./homericarminaad01baumgoog_0207.png"; bbox 0 0 2412 3918; ppageno 0'>
   <div class='ocr_carea' id='block_1_1' title="bbox 177 225 795 304">
    <p class='ocr_par' dir='ltr' id='par_1_1' title="bbox 177 225 795 304">
     <span class='ocr_line' id='line_1_1' title="bbox 177 225 795 304; baseline -0.016 -1"><span class='ocrx_word' id='word_1_1' title='bbox 177 239 242 304; x_wconf 75' lang='lat'><strong><em>152</em></strong></span> <span class='ocrx_word' id='word_1_2' title='bbox 515 225 736 296; x_wconf 76' lang='grc' dir='ltr'><strong><em>ιΛικΔοε</em></strong></span> <span class='ocrx_word' id='word_1_3' title='bbox 761 235 795 294; x_wconf 82' lang='grc' dir='ltr'><strong><em>ε.</em></strong></span> 
     </span>
    </p>
   </div>
   <div class='ocr_carea' id='block_1_2' title="bbox 163 394 1201 3373">
    <p class='ocr_par' dir='ltr' id='par_1_2' title="bbox 183 394 1030 493">
     <span class='ocr_line' id='line_1_2' title="bbox 183 394 1030 493; baseline -0.006 -23"><span class='ocrx_word' id='word_1_4' title='bbox 183 399 369 490; x_wconf 76' lang='grc' dir='ltr'><strong><em>Κεβριόνην</em></strong></span> <span class='ocrx_word' id='word_1_5' title='bbox 389 395 419 466; x_wconf 90' lang='grc' dir='ltr'><strong><em>δ’</em></strong></span> <span class='ocrx_word' id='word_1_6' title='bbox 439 398 614 493; x_wconf 87' lang='grc' dir='ltr'><strong><em>ε’κέλευσεν</em></strong></span> <span class='ocrx_word' id='word_1_7' title='bbox 632 394 796 483; x_wconf 88' lang='grc' dir='ltr'><strong><em>ἀδελφεόν</em></strong></span> <span class='ocrx_word' id='word_1_8' title='bbox 814 396 914 485; x_wconf 86' lang='grc' dir='ltr'><strong><em>έγγύς</em></strong></span> <span class='ocrx_word' id='word_1_9' title='bbox 932 403 1030 470; x_wconf 79' lang='grc' dir='ltr'><strong><em>ἐόντα</em></strong></span> 
     </span>
    </p>

    <p class='ocr_par' dir='ltr' id='par_1_3' title="bbox 176 493 1197 589">
     <span class='ocr_line' id='line_1_3' title="bbox 176 493 1197 589; baseline -0.007 -18"><span class='ocrx_word' id='word_1_10' title='bbox 176 507 290 571; x_wconf 77' lang='grc' dir='ltr'><strong><em>ἵππων</em></strong></span> <span class='ocrx_word' id='word_1_11' title='bbox 308 496 376 589; x_wconf 77' lang='grc' dir='ltr'><strong><em>ἡνί’</em></strong></span> <span class='ocrx_word' id='word_1_12' title='bbox 397 500 498 568; x_wconf 76' lang='grc' dir='ltr'><strong><em>έλείν</em></strong></span> <span class='ocrx_word' id='word_1_13' title='bbox 519 493 538 567; x_wconf 82' lang='grc' dir='ltr'><strong>ὁ</strong></span> <span class='ocrx_word' id='word_1_14' title='bbox 558 493 590 564; x_wconf 87' lang='grc' dir='ltr'><strong><em>δ’</em></strong></span> <span class='ocrx_word' id='word_1_15' title='bbox 611 494 660 580; x_wconf 87' lang='grc' dir='ltr'><strong><em>ἀρ’</em></strong></span> <span class='ocrx_word' id='word_1_16' title='bbox 683 493 746 566; x_wconf 90' lang='grc' dir='ltr'><strong><em>οὐκ</em></strong></span> <span class='ocrx_word' id='word_1_17' title='bbox 765 493 933 588; x_wconf 68' lang='grc' dir='ltr'><strong><em>ἀπίθησεν</em></strong></span> <span class='ocrx_word' id='word_1_18' title='bbox 950 494 1104 576; x_wconf 88' lang='grc' dir='ltr'><strong><em>ἀκούσας.</em></strong></span> <span class='ocrx_word' id='word_1_19' title='bbox 1196 567 1197 570; x_wconf 62' lang='grc'><strong><em>,</em></strong></span> 
     </span>
    </p>

    <p class='ocr_par' dir='ltr' id='par_1_4' title="bbox 178 595 1127 686">
     <span class='ocr_line' id='line_1_4' title="bbox 178 595 1127 686; baseline -0.005 -15"><span class='ocrx_word' id='word_1_20' title='bbox 178 599 279 682; x_wconf 83' lang='grc' dir='ltr'><strong><em>αὐτός</em></strong></span> <span class='ocrx_word' id='word_1_21' title='bbox 298 597 330 668; x_wconf 91' lang='grc' dir='ltr'><strong><em>δ’</em></strong></span> <span class='ocrx_word' id='word_1_22' title='bbox 352 601 389 668; x_wconf 80' lang='grc' dir='ltr'><strong><em>ἐκ</em></strong></span> <span class='ocrx_word' id='word_1_23' title='bbox 409 603 542 684; x_wconf 77' lang='grc' dir='ltr'><strong><em>δίφροιο</em></strong></span> <span class='ocrx_word' id='word_1_24' title='bbox 561 599 661 684; x_wconf 78' lang='grc' dir='ltr'><strong><em>χαμαί</em></strong></span> <span class='ocrx_word' id='word_1_25' title='bbox 678 595 765 683; x_wconf 76' lang='grc' dir='ltr'><strong><em>θόρε</em></strong></span> <span class='ocrx_word' id='word_1_26' title='bbox 784 599 1050 686; x_wconf 78' lang='grc' dir='ltr'><strong><em>παμφανόωντος</em></strong></span> <span class='ocrx_word' id='word_1_27' title='bbox 1079 612 1127 666; x_wconf 75' lang='grc' dir='ltr'><strong><em>σλο</em></strong></span> 
     </span>
    </p>

    <p class='ocr_par' dir='ltr' id='par_1_5' title="bbox 178 657 1198 794">
     <span class='ocr_line' id='line_1_5' title="bbox 178 693 1010 790; baseline -0.006 -19"><span class='ocrx_word' id='word_1_28' title='bbox 178 703 362 790; x_wconf 75' lang='grc' dir='ltr'><strong><em>σμερδαλέα</em></strong></span> <span class='ocrx_word' id='word_1_29' title='bbox 383 698 500 786; x_wconf 78' lang='grc' dir='ltr'><strong><em>ἰάχων·</em></strong></span> <span class='ocrx_word' id='word_1_30' title='bbox 521 693 539 765; x_wconf 90' lang='grc' dir='ltr'>ὁ</span> <span class='ocrx_word' id='word_1_31' title='bbox 560 697 596 765; x_wconf 67' lang='grc' dir='ltr'><strong><em>δὲ</em></strong></span> <span class='ocrx_word' id='word_1_32' title='bbox 613 697 793 785; x_wconf 86' lang='grc' dir='ltr'><strong><em>χερμάδιον</em></strong></span> <span class='ocrx_word' id='word_1_33' title='bbox 812 697 893 787; x_wconf 89' lang='grc' dir='ltr'><strong><em>λάβε</em></strong></span> <span class='ocrx_word' id='word_1_34' title='bbox 911 699 1010 785; x_wconf 83' lang='grc' dir='ltr'><strong><em>χειρὶ,</em></strong></span> 
     </span>
    </p>

    <p class='ocr_par' dir='ltr' id='par_1_6' title="bbox 176 794 1198 890">
     <span class='ocr_line' id='line_1_6' title="bbox 176 794 1198 890; baseline -0.008 -20"><span class='ocrx_word' id='word_1_35' title='bbox 176 808 222 890; x_wconf 76' lang='grc' dir='ltr'><strong><em>βῆ</em></strong></span> <span class='ocrx_word' id='word_1_36' title='bbox 240 797 273 869; x_wconf 88' lang='grc' dir='ltr'><strong><em>δ’</em></strong></span> <span class='ocrx_word' id='word_1_37' title='bbox 294 796 555 887; x_wconf 79' lang='grc' dir='ltr'><strong><em>ίθύς-Τεύκρου,</em></strong></span> <span class='ocrx_word' id='word_1_38' title='bbox 575 799 707 886; x_wconf 88' lang='grc' dir='ltr'><strong><em>βαλέειν</em></strong></span> <span class='ocrx_word' id='word_1_39' title='bbox 725 800 764 866; x_wconf 84' lang='grc' dir='ltr'><strong><em>δέ</em></strong></span> <span class='ocrx_word' id='word_1_40' title='bbox 780 800 798 866; x_wconf 83' lang='grc' dir='ltr'><strong><em>έ</em></strong></span> <span class='ocrx_word' id='word_1_41' title='bbox 813 794 925 885; x_wconf 79' lang='grc' dir='ltr'><strong><em>θυμός</em></strong></span> <span class='ocrx_word' id='word_1_42' title='bbox 942 795 1074 884; x_wconf 84' lang='grc' dir='ltr'><strong><em>ἀνάγει.</em></strong></span> <span class='ocrx_word' id='word_1_43' title='bbox 1197 813 1198 840; x_wconf 77' lang='lat'><em>³</em></span> 
     </span>
    </p>

    <p class='ocr_par' dir='ltr' id='par_1_7' title="bbox 178 893 993 989">
     <span class='ocr_line' id='line_1_7' title="bbox 178 893 993 989; baseline -0.009 -19"><span class='ocrx_word' id='word_1_44' title='bbox 178 900 250 989; x_wconf 77' lang='grc' dir='ltr'><strong><em>ἦτοι</em></strong></span> <span class='ocrx_word' id='word_1_45' title='bbox 268 899 286 970; x_wconf 87' lang='grc' dir='ltr'><strong><em>ό</em></strong></span> <span class='ocrx_word' id='word_1_46' title='bbox 306 901 368 987; x_wconf 72' lang='grc' dir='ltr'><strong><em>μέν</em></strong></span> <span class='ocrx_word' id='word_1_47' title='bbox 386 900 553 985; x_wconf 80' lang='grc' dir='ltr'><strong><em>φαρέτρης</em></strong></span> <span class='ocrx_word' id='word_1_48' title='bbox 571 900 709 978; x_wconf 82' lang='grc' dir='ltr'><strong><em>έξείλετο</em></strong></span> <span class='ocrx_word' id='word_1_49' title='bbox 728 897 850 983; x_wconf 82' lang='grc' dir='ltr'><strong><em>πικρόν</em></strong></span> <span class='ocrx_word' id='word_1_50' title='bbox 868 893 993 981; x_wconf 78' lang='grc' dir='ltr'><strong><em>όλστόν,</em></strong></span> 
     </span>
    </p>

    <p class='ocr_par' dir='ltr' id='par_1_8' title="bbox 176 989 1101 1089">
     <span class='ocr_line' id='line_1_8' title="bbox 176 989 1101 1089; baseline -0.009 -19"><span class='ocrx_word' id='word_1_51' title='bbox 176 1009 262 1089; x_wconf 78' lang='grc' dir='ltr'><strong><em>θῆκε</em></strong></span> <span class='ocrx_word' id='word_1_52' title='bbox 283 998 316 1068; x_wconf 90' lang='grc' dir='ltr'><strong><em>δ’</em></strong></span> <span class='ocrx_word' id='word_1_53' title='bbox 336 999 388 1067; x_wconf 76' lang='grc' dir='ltr'><strong><em>ἐπὶ</em></strong></span> <span class='ocrx_word' id='word_1_54' title='bbox 406 1004 526 1085; x_wconf 83' lang='grc' dir='ltr'><strong><em>νευρῇ·</em></strong></span> <span class='ocrx_word' id='word_1_55' title='bbox 546 994 657 1066; x_wconf 84' lang='grc' dir='ltr'><strong><em>τόνδ’</em></strong></span> <span class='ocrx_word' id='word_1_56' title='bbox 679 989 723 1065; x_wconf 90' lang='grc' dir='ltr'><strong><em>αὐ</em></strong></span> <span class='ocrx_word' id='word_1_57' title='bbox 742 998 966 1080; x_wconf 75' lang='grc' dir='ltr'><strong><em>κορυθαίολος</em></strong></span> <span class='ocrx_word' id='word_1_58' title='bbox 975 994 1101 1080; x_wconf 80' lang='grc' dir='ltr'><strong><em>Ἕκτωρ</em></strong></span> 
     </span>
    </p>

    <p class='ocr_par' dir='ltr' id='par_1_9' title="bbox 177 1089 1128 1185">
     <span class='ocr_line' id='line_1_9' title="bbox 177 1089 1128 1185; baseline -0.006 -16"><span class='ocrx_word' id='word_1_59' title='bbox 177 1099 364 1184; x_wconf 77' lang='grc' dir='ltr'><strong><em>αὐερύοντα</em></strong></span> <span class='ocrx_word' id='word_1_60' title='bbox 383 1097 458 1183; x_wconf 90' lang='grc' dir='ltr'><strong><em>παρ’</em></strong></span> <span class='ocrx_word' id='word_1_61' title='bbox 479 1089 581 1185; x_wconf 74' lang='grc' dir='ltr'><strong><em>ω’μον,</em></strong></span> <span class='ocrx_word' id='word_1_62' title='bbox 603 1095 661 1166; x_wconf 80' lang='grc' dir='ltr'><strong><em>ὅδε</em></strong></span> <span class='ocrx_word' id='word_1_63' title='bbox 681 1102 773 1184; x_wconf 80' lang='grc' dir='ltr'><strong><em>κληῒς</em></strong></span> <span class='ocrx_word' id='word_1_64' title='bbox 792 1095 946 1184; x_wconf 75' lang='grc' dir='ltr'><strong><em>ἀποέργει</em></strong></span> <span class='ocrx_word' id='word_1_65' title='bbox 1078 1110 1128 1164; x_wconf 71' lang='grc' dir='ltr'><strong><em>σεο</em></strong></span> 
     </span>
    </p>

    <p class='ocr_par' dir='ltr' id='par_1_10' title="bbox 176 1195 1044 1288">
     <span class='ocr_line' id='line_1_10' title="bbox 176 1195 1044 1288; baseline -0.008 -19"><span class='ocrx_word' id='word_1_66' title='bbox 176 1199 299 1288; x_wconf 77' lang='grc' dir='ltr'><strong><em>αὐχένα</em></strong></span> <span class='ocrx_word' id='word_1_67' title='bbox 317 1225 352 1268; x_wconf 88' lang='grc' dir='ltr'><strong><em>τε</em></strong></span> <span class='ocrx_word' id='word_1_68' title='bbox 371 1197 499 1286; x_wconf 77' lang='grc' dir='ltr'><strong><em>στῆθός</em></strong></span> <span class='ocrx_word' id='word_1_69' title='bbox 516 1223 562 1285; x_wconf 87' lang='grc' dir='ltr'><strong><em>τε,</em></strong></span> <span class='ocrx_word' id='word_1_70' title='bbox 581 1197 721 1285; x_wconf 89' lang='grc' dir='ltr'><strong><em>μάλιστα</em></strong></span> <span class='ocrx_word' id='word_1_71' title='bbox 741 1195 777 1265; x_wconf 66' lang='grc' dir='ltr'><strong><em>δέ</em></strong></span> <span class='ocrx_word' id='word_1_72' title='bbox 794 1195 927 1283; x_wconf 88' lang='grc' dir='ltr'><strong><em>καίριόν</em></strong></span> <span class='ocrx_word' id='word_1_73' title='bbox 945 1199 1044 1281; x_wconf 84' lang='grc' dir='ltr'><strong><em>ἐστιν,</em></strong></span> 
     </span>
    </p>

    <p class='ocr_par' dir='ltr' id='par_1_11' title="bbox 176 1293 985 1389">
     <span class='ocr_line' id='line_1_11' title="bbox 176 1293 985 1389; baseline -0.006 -21"><span class='ocrx_word' id='word_1_74' title='bbox 176 1309 216 1389; x_wconf 81' lang='grc' dir='ltr'><strong><em>τῇ</em></strong></span> <span class='ocrx_word' id='word_1_75' title='bbox 234 1298 268 1387; x_wconf 78' lang='grc' dir='ltr'><strong><em>ῤ’</em></strong></span> <span class='ocrx_word' id='word_1_76' title='bbox 288 1301 341 1370; x_wconf 81' lang='grc' dir='ltr'><strong><em>ἐπὶ</em></strong></span> <span class='ocrx_word' id='word_1_77' title='bbox 359 1293 393 1367; x_wconf 81' lang='grc' dir='ltr'><strong><em>οἷ</em></strong></span> <span class='ocrx_word' id='word_1_78' title='bbox 409 1304 563 1386; x_wconf 77' lang='grc' dir='ltr'><strong><em>μεμαῶτα</em></strong></span> <span class='ocrx_word' id='word_1_79' title='bbox 582 1297 685 1385; x_wconf 90' lang='grc' dir='ltr'><strong><em>βάλεν</em></strong></span> <span class='ocrx_word' id='word_1_80' title='bbox 704 1302 789 1387; x_wconf 75' lang='grc' dir='ltr'><strong><em>λίδφ</em></strong></span> <span class='ocrx_word' id='word_1_81' title='bbox 809 1293 985 1383; x_wconf 85' lang='grc' dir='ltr'><strong><em>ὀκριόεντι,</em></strong></span> 
     </span>
    </p>

    <p class='ocr_par' dir='ltr' id='par_1_12' title="bbox 163 1395 1100 1488">
     <span class='ocr_line' id='line_1_12' title="bbox 163 1395 1100 1488; baseline -0.005 -21"><span class='ocrx_word' id='word_1_82' title='bbox 163 1401 252 1488; x_wconf 67' lang='grc' dir='ltr'><strong><em>«ῥῆξε</em></strong></span> <span class='ocrx_word' id='word_1_83' title='bbox 271 1399 309 1468; x_wconf 88' lang='grc' dir='ltr'><strong><em>δέ</em></strong></span> <span class='ocrx_word' id='word_1_84' title='bbox 326 1402 360 1467; x_wconf 87' lang='grc' dir='ltr'><strong><em>οί</em></strong></span> <span class='ocrx_word' id='word_1_85' title='bbox 376 1397 517 1486; x_wconf 82' lang='grc' dir='ltr'><strong><em>νευρήν·</em></strong></span> <span class='ocrx_word' id='word_1_86' title='bbox 536 1395 681 1483; x_wconf 78' lang='grc' dir='ltr'><strong><em>νάρκησε</em></strong></span> <span class='ocrx_word' id='word_1_87' title='bbox 693 1395 736 1466; x_wconf 72' lang='grc' dir='ltr'><strong><em>’δέ</em></strong></span> <span class='ocrx_word' id='word_1_88' title='bbox 754 1397 822 1484; x_wconf 82' lang='grc' dir='ltr'><strong><em>χεὶρ</em></strong></span> <span class='ocrx_word' id='word_1_89' title='bbox 841 1397 894 1465; x_wconf 84' lang='grc' dir='ltr'><strong><em>έπλ</em></strong></span> <span class='ocrx_word' id='word_1_90' title='bbox 913 1405 1042 1484; x_wconf 77' lang='grc' dir='ltr'><strong><em>καρπῷ,</em></strong></span> <span class='ocrx_word' id='word_1_91' title='bbox 1094 1431 1100 1438; x_wconf 87' lang='grc'><em>·</em></span> 
     </span>
    </p>

    <p class='ocr_par' dir='ltr' id='par_1_13' title="bbox 178 1496 1042 1592">
     <span class='ocr_line' id='line_1_13' title="bbox 178 1496 1042 1592; baseline -0.002 -26"><span class='ocrx_word' id='word_1_92' title='bbox 178 1507 238 1587; x_wconf 77' lang='grc' dir='ltr'><strong><em>στῆ</em></strong></span> <span class='ocrx_word' id='word_1_93' title='bbox 257 1496 293 1566; x_wconf 66' lang='grc' dir='ltr'><strong><em>δέ</em></strong></span> <span class='ocrx_word' id='word_1_94' title='bbox 311 1496 394 1585; x_wconf 79' lang='grc' dir='ltr'><strong><em>γνύξ</em></strong></span> <span class='ocrx_word' id='word_1_95' title='bbox 414 1497 547 1583; x_wconf 81' lang='grc' dir='ltr'><strong><em>έριπάν,</em></strong></span> <span class='ocrx_word' id='word_1_96' title='bbox 567 1496 665 1592; x_wconf 79' lang='grc' dir='ltr'><strong><em>τόξον</em></strong></span> <span class='ocrx_word' id='word_1_97' title='bbox 684 1501 720 1565; x_wconf 89' lang='grc' dir='ltr'><strong><em>δέ</em></strong></span> <span class='ocrx_word' id='word_1_98' title='bbox 738 1500 772 1565; x_wconf 73' lang='lat' dir='ltr'><strong><em>ol</em></strong></span> <span class='ocrx_word' id='word_1_99' title='bbox 789 1503 905 1566; x_wconf 71' lang='grc' dir='ltr'><strong><em>ἔκπεσε</em></strong></span> <span class='ocrx_word' id='word_1_100' title='bbox 925 1496 1042 1584; x_wconf 91' lang='grc' dir='ltr'><strong><em>χειρός.</em></strong></span> 
     </span>
    </p>

    <p class='ocr_par' dir='ltr' id='par_1_14' title="bbox 177 1594 1125 1684">
     <span class='ocr_line' id='line_1_14' title="bbox 177 1594 1125 1684; baseline -0.001 -15"><span class='ocrx_word' id='word_1_101' title='bbox 177 1608 258 1676; x_wconf 75' lang='grc' dir='ltr'><strong><em>Αἶας</em></strong></span> <span class='ocrx_word' id='word_1_102' title='bbox 276 1595 309 1665; x_wconf 90' lang='grc' dir='ltr'><strong><em>δ’</em></strong></span> <span class='ocrx_word' id='word_1_103' title='bbox 330 1595 392 1665; x_wconf 88' lang='grc' dir='ltr'><strong><em>οὐκ</em></strong></span> <span class='ocrx_word' id='word_1_104' title='bbox 412 1595 553 1684; x_wconf 89' lang='grc' dir='ltr'><strong><em>ἀμέλησε</em></strong></span> <span class='ocrx_word' id='word_1_105' title='bbox 572 1596 782 1684; x_wconf 83' lang='grc' dir='ltr'><strong><em>κασιγνήτοιο</em></strong></span> <span class='ocrx_word' id='word_1_106' title='bbox 801 1594 972 1682; x_wconf 85' lang='grc' dir='ltr'><strong><em>πεσόντος,</em></strong></span> <span class='ocrx_word' id='word_1_107' title='bbox 1075 1613 1125 1668; x_wconf 75' lang='grc'><strong><em>330</em></strong></span> 
     </span>
    </p>

    <p class='ocr_par' dir='ltr' id='par_1_15' title="bbox 173 1693 1019 1784">
     <span class='ocr_line' id='line_1_15' title="bbox 173 1693 1019 1784; baseline -0.002 -20"><span class='ocrx_word' id='word_1_108' title='bbox 173 1695 257 1766; x_wconf 86' lang='grc' dir='ltr'><strong><em>ἀλλά</em></strong></span> <span class='ocrx_word' id='word_1_109' title='bbox 277 1700 371 1764; x_wconf 77' lang='grc' dir='ltr'><strong><em>δέων</em></strong></span> <span class='ocrx_word' id='word_1_110' title='bbox 388 1703 506 1784; x_wconf 88' lang='grc' dir='ltr'><strong><em>περίβη</em></strong></span> <span class='ocrx_word' id='word_1_111' title='bbox 525 1701 585 1764; x_wconf 89' lang='grc' dir='ltr'><strong><em>καί</em></strong></span> <span class='ocrx_word' id='word_1_112' title='bbox 600 1700 635 1764; x_wconf 90' lang='grc' dir='ltr'><strong><em>οί</em></strong></span> <span class='ocrx_word' id='word_1_113' title='bbox 651 1696 753 1777; x_wconf 91' lang='grc' dir='ltr'><strong><em>σάκος</em></strong></span> <span class='ocrx_word' id='word_1_114' title='bbox 771 1693 1019 1783; x_wconf 80' lang='grc' dir='ltr'><strong><em>ἀμφεκάλυψεν.</em></strong></span> 
     </span>
    </p>

    <p class='ocr_par' dir='ltr' id='par_1_16' title="bbox 172 1791 1004 1884">
     <span class='ocr_line' id='line_1_16' title="bbox 172 1791 1004 1884; baseline 0.001 -21"><span class='ocrx_word' id='word_1_115' title='bbox 172 1795 233 1864; x_wconf 86' lang='grc' dir='ltr'><strong><em>τόν</em></strong></span> <span class='ocrx_word' id='word_1_116' title='bbox 251 1795 312 1883; x_wconf 75' lang='grc' dir='ltr'><strong><em>μὲν</em></strong></span> <span class='ocrx_word' id='word_1_117' title='bbox 330 1794 434 1884; x_wconf 73' lang='grc' dir='ltr'><strong><em>ἔπειθ’</em></strong></span> <span class='ocrx_word' id='word_1_118' title='bbox 453 1791 620 1864; x_wconf 81' lang='grc' dir='ltr'><strong><em>ὑποδύντε</em></strong></span> <span class='ocrx_word' id='word_1_119' title='bbox 639 1795 709 1864; x_wconf 92' lang='grc' dir='ltr'><strong><em>δύω</em></strong></span> <span class='ocrx_word' id='word_1_120' title='bbox 728 1800 854 1884; x_wconf 79' lang='grc' dir='ltr'><strong><em>ἐρίηρες</em></strong></span> <span class='ocrx_word' id='word_1_121' title='bbox 873 1798 1004 1882; x_wconf 78' lang='grc' dir='ltr'><strong><em>έτατροι,</em></strong></span> 
     </span>
    </p>

    <p class='ocr_par' dir='ltr' id='par_1_17' title="bbox 173 1893 966 1983">
     <span class='ocr_line' id='line_1_17' title="bbox 173 1893 966 1983; baseline 0.003 -21"><span class='ocrx_word' id='word_1_122' title='bbox 173 1893 374 1983; x_wconf 74' lang='grc' dir='ltr'><strong><em>Μηκιστεὺς,</em></strong></span> <span class='ocrx_word' id='word_1_123' title='bbox 392 1893 506 1981; x_wconf 78' lang='grc' dir='ltr'><strong><em>Ἐχίοιο</em></strong></span> <span class='ocrx_word' id='word_1_124' title='bbox 525 1895 613 1983; x_wconf 77' lang='grc' dir='ltr'><strong><em>πάις,</em></strong></span> <span class='ocrx_word' id='word_1_125' title='bbox 634 1897 689 1964; x_wconf 84' lang='grc' dir='ltr'><strong><em>καλ</em></strong></span> <span class='ocrx_word' id='word_1_126' title='bbox 708 1900 776 1976; x_wconf 73' lang='grc' dir='ltr'><strong><em>δῖος</em></strong></span> <span class='ocrx_word' id='word_1_127' title='bbox 791 1894 966 1982; x_wconf 79' lang='grc' dir='ltr'><strong><em>Ἀλάστωρ,</em></strong></span> 
     </span>
    </p>

    <p class='ocr_par' dir='ltr' id='par_1_18' title="bbox 172 1952 1201 2183">
     <span class='ocr_line' id='line_1_18' title="bbox 172 1991 1028 2083; baseline 0 -21"><span class='ocrx_word' id='word_1_128' title='bbox 172 2001 254 2081; x_wconf 83' lang='grc' dir='ltr'><strong><em>νῆας</em></strong></span> <span class='ocrx_word' id='word_1_129' title='bbox 273 1999 327 2062; x_wconf 80' lang='grc' dir='ltr'><strong><em>ἔπι</em></strong></span> <span class='ocrx_word' id='word_1_130' title='bbox 344 1991 519 2082; x_wconf 84' lang='grc' dir='ltr'><strong><em>γλαφυράς</em></strong></span> <span class='ocrx_word' id='word_1_131' title='bbox 538 1998 679 2083; x_wconf 82' lang='grc' dir='ltr'><strong><em>φερέτην</em></strong></span> <span class='ocrx_word' id='word_1_132' title='bbox 697 1997 801 2083; x_wconf 83' lang='grc' dir='ltr'><strong><em>βαρέα</em></strong></span> <span class='ocrx_word' id='word_1_133' title='bbox 820 1995 1028 2082; x_wconf 89' lang='grc' dir='ltr'><strong><em>στενάχοντα.</em></strong></span> 
     </span>
     <span class='ocr_line' id='line_1_19' title="bbox 208 2085 1201 2183; baseline -0.003 -21"><span class='ocrx_word' id='word_1_134' title='bbox 208 2089 273 2176; x_wconf 72' lang='grc' dir='ltr'><strong><em>Ἀψ</em></strong></span> <span class='ocrx_word' id='word_1_135' title='bbox 292 2091 323 2162; x_wconf 83' lang='grc' dir='ltr'><strong><em>δ’</em></strong></span> <span class='ocrx_word' id='word_1_136' title='bbox 342 2087 435 2174; x_wconf 89' lang='grc' dir='ltr'><strong><em>αὐτις</em></strong></span> <span class='ocrx_word' id='word_1_137' title='bbox 452 2092 623 2183; x_wconf 85' lang='grc' dir='ltr'><strong><em>Τράεσσιυ</em></strong></span> <span class='ocrx_word' id='word_1_138' title='bbox 639 2093 813 2182; x_wconf 77' lang='grc' dir='ltr'><strong><em>Ὀλύμπιος</em></strong></span> <span class='ocrx_word' id='word_1_139' title='bbox 831 2097 868 2162; x_wconf 84' lang='grc' dir='ltr'><strong><em>έν</em></strong></span> <span class='ocrx_word' id='word_1_140' title='bbox 886 2098 985 2181; x_wconf 82' lang='grc' dir='ltr'><strong><em>μένος</em></strong></span> <span class='ocrx_word' id='word_1_141' title='bbox 1002 2085 1123 2178; x_wconf 84' lang='grc' dir='ltr'><strong><em>εόρσεν·</em></strong></span> <span class='ocrx_word' id='word_1_142' title='bbox 1200 2123 1201 2138; x_wconf 55' lang='lat'>¹</span> 
     </span>
    </p>

    <p class='ocr_par' dir='ltr' id='par_1_19' title="bbox 172 2187 1123 2282">
     <span class='ocr_line' id='line_1_20' title="bbox 172 2187 1123 2282; baseline 0 -19"><span class='ocrx_word' id='word_1_143' title='bbox 172 2199 206 2263; x_wconf 83' lang='grc' dir='ltr'><strong><em>ολ</em></strong></span> <span class='ocrx_word' id='word_1_144' title='bbox 223 2191 256 2261; x_wconf 90' lang='grc' dir='ltr'><strong><em>δ’</em></strong></span> <span class='ocrx_word' id='word_1_145' title='bbox 276 2192 355 2274; x_wconf 80' lang='grc' dir='ltr'><strong><em>ίθύς</em></strong></span> <span class='ocrx_word' id='word_1_146' title='bbox 373 2194 514 2280; x_wconf 90' lang='grc' dir='ltr'><strong><em>τάφροιο</em></strong></span> <span class='ocrx_word' id='word_1_147' title='bbox 534 2201 673 2282; x_wconf 76' lang='grc' dir='ltr'><strong><em>βαθείης</em></strong></span> <span class='ocrx_word' id='word_1_148' title='bbox 693 2187 784 2263; x_wconf 83' lang='grc' dir='ltr'><strong><em>άσαν</em></strong></span> <span class='ocrx_word' id='word_1_149' title='bbox 800 2193 961 2282; x_wconf 76' lang='grc' dir='ltr'><strong><em>Ἀχαιούς·</em></strong></span> <span class='ocrx_word' id='word_1_150' title='bbox 1073 2209 1123 2263; x_wconf 76' lang='lat'><strong><em>3³6</em></strong></span> 
     </span>
    </p>

    <p class='ocr_par' dir='ltr' id='par_1_20' title="bbox 163 2291 1011 2382">
     <span class='ocr_line' id='line_1_21' title="bbox 163 2291 1011 2382; baseline 0.001 -21"><span class='ocrx_word' id='word_1_151' title='bbox 163 2293 289 2381; x_wconf 81' lang='grc' dir='ltr'><strong><em>Ἕκτωρ</em></strong></span> <span class='ocrx_word' id='word_1_152' title='bbox 309 2291 342 2360; x_wconf 92' lang='grc' dir='ltr'><strong><em>δ’</em></strong></span> <span class='ocrx_word' id='word_1_153' title='bbox 362 2296 399 2361; x_wconf 84' lang='grc' dir='ltr'><strong><em>έν</em></strong></span> <span class='ocrx_word' id='word_1_154' title='bbox 418 2292 576 2380; x_wconf 85' lang='grc' dir='ltr'><strong><em>πράτοισι</em></strong></span> <span class='ocrx_word' id='word_1_155' title='bbox 596 2300 646 2361; x_wconf 88' lang='grc' dir='ltr'><strong><em>κίε</em></strong></span> <span class='ocrx_word' id='word_1_156' title='bbox 666 2296 782 2363; x_wconf 75' lang='grc' dir='ltr'><strong><em>σθένει</em></strong></span> <span class='ocrx_word' id='word_1_157' title='bbox 798 2301 1011 2382; x_wconf 85' lang='grc' dir='ltr'><strong><em>βλεμεαίνων.</em></strong></span> 
     </span>
    </p>

    <p class='ocr_par' dir='ltr' id='par_1_21' title="bbox 171 2389 1021 2481">
     <span class='ocr_line' id='line_1_22' title="bbox 171 2389 1021 2481; baseline 0.001 -21"><span class='ocrx_word' id='word_1_158' title='bbox 171 2391 216 2470; x_wconf 84' lang='grc' dir='ltr'><strong><em>άς</em></strong></span> <span class='ocrx_word' id='word_1_159' title='bbox 236 2390 268 2458; x_wconf 87' lang='grc' dir='ltr'><strong><em>δ’</em></strong></span> <span class='ocrx_word' id='word_1_160' title='bbox 289 2389 344 2458; x_wconf 88' lang='grc' dir='ltr'><strong><em>ότε</em></strong></span> <span class='ocrx_word' id='word_1_161' title='bbox 363 2399 411 2470; x_wconf 89' lang='grc' dir='ltr'><strong><em>τίς</em></strong></span> <span class='ocrx_word' id='word_1_162' title='bbox 429 2418 464 2459; x_wconf 88' lang='grc' dir='ltr'><strong><em>τε</em></strong></span> <span class='ocrx_word' id='word_1_163' title='bbox 482 2390 576 2460; x_wconf 88' lang='grc' dir='ltr'><strong><em>κύων</em></strong></span> <span class='ocrx_word' id='word_1_164' title='bbox 595 2392 676 2473; x_wconf 85' lang='grc' dir='ltr'><strong><em>συός</em></strong></span> <span class='ocrx_word' id='word_1_165' title='bbox 694 2393 813 2481; x_wconf 79' lang='grc' dir='ltr'><strong><em>ἀγρίου</em></strong></span> <span class='ocrx_word' id='word_1_166' title='bbox 831 2393 870 2481; x_wconf 72' lang='grc' dir='ltr'><strong><em>ἠδ</em></strong></span> <span class='ocrx_word' id='word_1_167' title='bbox 888 2395 1021 2473; x_wconf 84' lang='grc' dir='ltr'><strong><em>λέοντος</em></strong></span> 
     </span>
    </p>

    <p class='ocr_par' dir='ltr' id='par_1_22' title="bbox 171 2488 969 2580">
     <span class='ocr_line' id='line_1_23' title="bbox 171 2488 969 2580; baseline 0.008 -24"><span class='ocrx_word' id='word_1_168' title='bbox 171 2489 312 2576; x_wconf 80' lang='grc' dir='ltr'><strong><em>ἅπτηται</em></strong></span> <span class='ocrx_word' id='word_1_169' title='bbox 330 2488 524 2575; x_wconf 80' lang='grc' dir='ltr'><strong><em>κατόπισθε,</em></strong></span> <span class='ocrx_word' id='word_1_170' title='bbox 543 2493 643 2560; x_wconf 81' lang='grc' dir='ltr'><strong><em>ποσίν</em></strong></span> <span class='ocrx_word' id='word_1_171' title='bbox 661 2495 809 2580; x_wconf 90' lang='grc' dir='ltr'><strong><em>ταχέεσσι</em></strong></span> <span class='ocrx_word' id='word_1_172' title='bbox 828 2494 969 2579; x_wconf 86' lang='grc' dir='ltr'><strong><em>διύκων,</em></strong></span> 
     </span>
    </p>

    <p class='ocr_par' dir='ltr' id='par_1_23' title="bbox 169 2589 1123 2680">
     <span class='ocr_line' id='line_1_24' title="bbox 169 2589 1123 2680; baseline 0.008 -24"><span class='ocrx_word' id='word_1_173' title='bbox 169 2597 257 2674; x_wconf 84' lang='grc' dir='ltr'><strong><em>ἰσχία</em></strong></span> <span class='ocrx_word' id='word_1_174' title='bbox 275 2613 310 2655; x_wconf 90' lang='grc' dir='ltr'><strong><em>τε</em></strong></span> <span class='ocrx_word' id='word_1_175' title='bbox 328 2589 491 2674; x_wconf 88' lang='grc' dir='ltr'><strong><em>γλουτούς</em></strong></span> <span class='ocrx_word' id='word_1_176' title='bbox 509 2616 554 2677; x_wconf 85' lang='grc' dir='ltr'><strong><em>τε,</em></strong></span> <span class='ocrx_word' id='word_1_177' title='bbox 574 2592 789 2679; x_wconf 76' lang='grc' dir='ltr'><strong><em>ἑλισσόμενόν</em></strong></span> <span class='ocrx_word' id='word_1_178' title='bbox 807 2621 842 2663; x_wconf 91' lang='grc' dir='ltr'><strong><em>τε</em></strong></span> <span class='ocrx_word' id='word_1_179' title='bbox 861 2596 1002 2680; x_wconf 88' lang='grc' dir='ltr'><strong><em>δοκεύει,</em></strong></span> <span class='ocrx_word' id='word_1_180' title='bbox 1072 2611 1123 2665; x_wconf 77' lang='lat'><strong><em>340</em></strong></span> 
     </span>
    </p>

    <p class='ocr_par' dir='ltr' id='par_1_24' title="bbox 169 2684 949 2782">
     <span class='ocr_line' id='line_1_25' title="bbox 169 2684 949 2782; baseline 0.006 -24"><span class='ocrx_word' id='word_1_181' title='bbox 169 2684 215 2768; x_wconf 74' lang='grc' dir='ltr'><strong><em>δός</em></strong></span> <span class='ocrx_word' id='word_1_182' title='bbox 224 2684 351 2774; x_wconf 80' lang='grc' dir='ltr'><strong><em>Ἕκτωρ</em></strong></span> <span class='ocrx_word' id='word_1_183' title='bbox 373 2689 479 2771; x_wconf 81' lang='grc' dir='ltr'><strong><em>άπαζε</em></strong></span> <span class='ocrx_word' id='word_1_184' title='bbox 498 2693 775 2779; x_wconf 87' lang='grc' dir='ltr'><strong><em>καρηκομόωντας</em></strong></span> <span class='ocrx_word' id='word_1_185' title='bbox 791 2693 949 2782; x_wconf 73' lang='grc' dir='ltr'><strong><em>Ἀχαιούς,</em></strong></span> 
     </span>
    </p>

    <p class='ocr_par' dir='ltr' id='par_1_25' title="bbox 168 2786 1040 2882">
     <span class='ocr_line' id='line_1_26' title="bbox 168 2786 1040 2882; baseline 0.005 -26"><span class='ocrx_word' id='word_1_186' title='bbox 168 2788 241 2857; x_wconf 73' lang='grc' dir='ltr'><strong><em>αίὲν</em></strong></span> <span class='ocrx_word' id='word_1_187' title='bbox 260 2786 466 2858; x_wconf 90' lang='grc' dir='ltr'><strong><em>ἀποκτείνων</em></strong></span> <span class='ocrx_word' id='word_1_188' title='bbox 483 2788 544 2858; x_wconf 89' lang='grc' dir='ltr'><strong><em>τόν</em></strong></span> <span class='ocrx_word' id='word_1_189' title='bbox 560 2789 752 2860; x_wconf 85' lang='grc' dir='ltr'><strong><em>ὀπίστατον·</em></strong></span> <span class='ocrx_word' id='word_1_190' title='bbox 773 2797 807 2861; x_wconf 87' lang='grc' dir='ltr'><strong><em>οί</em></strong></span> <span class='ocrx_word' id='word_1_191' title='bbox 821 2791 853 2861; x_wconf 90' lang='grc' dir='ltr'><strong><em>δ’</em></strong></span> <span class='ocrx_word' id='word_1_192' title='bbox 869 2797 1040 2882; x_wconf 82' lang='grc' dir='ltr'><strong><em>ἐφέβοντο.</em></strong></span> 
     </span>
    </p>

    <p class='ocr_par' dir='ltr' id='par_1_26' title="bbox 170 2886 1024 2980">
     <span class='ocr_line' id='line_1_27' title="bbox 170 2886 1024 2980; baseline 0.008 -27"><span class='ocrx_word' id='word_1_193' title='bbox 170 2886 276 2975; x_wconf 75' lang='grc' dir='ltr'><strong><em>αὐτάρ</em></strong></span> <span class='ocrx_word' id='word_1_194' title='bbox 294 2889 363 2957; x_wconf 81' lang='grc' dir='ltr'><strong><em>έπεί</em></strong></span> <span class='ocrx_word' id='word_1_195' title='bbox 379 2889 434 2958; x_wconf 92' lang='grc' dir='ltr'><strong><em>διά</em></strong></span> <span class='ocrx_word' id='word_1_196' title='bbox 449 2915 484 2957; x_wconf 90' lang='grc' dir='ltr'><strong><em>τε</em></strong></span> <span class='ocrx_word' id='word_1_197' title='bbox 501 2887 667 2970; x_wconf 87' lang='grc' dir='ltr'><strong><em>σκόλοπας</em></strong></span> <span class='ocrx_word' id='word_1_198' title='bbox 682 2892 737 2960; x_wconf 81' lang='grc' dir='ltr'><strong><em>καί</em></strong></span> <span class='ocrx_word' id='word_1_199' title='bbox 752 2892 883 2979; x_wconf 87' lang='grc' dir='ltr'><strong><em>τάφρον</em></strong></span> <span class='ocrx_word' id='word_1_200' title='bbox 900 2897 1024 2980; x_wconf 81' lang='grc' dir='ltr'><strong><em>ἔβησαν</em></strong></span> 
     </span>
    </p>

    <p class='ocr_par' dir='ltr' id='par_1_27' title="bbox 167 2987 1034 3078">
     <span class='ocr_line' id='line_1_28' title="bbox 167 2987 1034 3078; baseline 0.005 -23"><span class='ocrx_word' id='word_1_201' title='bbox 167 2987 360 3074; x_wconf 86' lang='grc' dir='ltr'><strong><em>φεύγοντες,</em></strong></span> <span class='ocrx_word' id='word_1_202' title='bbox 377 2991 493 3056; x_wconf 81' lang='grc' dir='ltr'><strong><em>πολλοὶ</em></strong></span> <span class='ocrx_word' id='word_1_203' title='bbox 510 2990 545 3058; x_wconf 75' lang='grc' dir='ltr'><strong><em>δὲ</em></strong></span> <span class='ocrx_word' id='word_1_204' title='bbox 561 2989 666 3077; x_wconf 89' lang='grc' dir='ltr'><strong><em>δάμεν</em></strong></span> <span class='ocrx_word' id='word_1_205' title='bbox 686 2990 812 3078; x_wconf 83' lang='grc' dir='ltr'><strong><em>Τράων</em></strong></span> <span class='ocrx_word' id='word_1_206' title='bbox 828 2987 894 3058; x_wconf 88' lang='grc' dir='ltr'><strong><em>ύπδ</em></strong></span> <span class='ocrx_word' id='word_1_207' title='bbox 910 2992 1034 3078; x_wconf 79' lang='grc' dir='ltr'><strong><em>χερσίν,</em></strong></span> 
     </span>
    </p>

    <p class='ocr_par' dir='ltr' id='par_1_28' title="bbox 165 3085 1121 3179">
     <span class='ocr_line' id='line_1_29' title="bbox 165 3085 1121 3179; baseline 0.009 -26"><span class='ocrx_word' id='word_1_208' title='bbox 165 3088 202 3154; x_wconf 80' lang='grc' dir='ltr'><strong><em>οἱ</em></strong></span> <span class='ocrx_word' id='word_1_209' title='bbox 214 3086 277 3173; x_wconf 73' lang='grc' dir='ltr'><strong><em>μὲν</em></strong></span> <span class='ocrx_word' id='word_1_210' title='bbox 293 3085 333 3173; x_wconf 79' lang='grc' dir='ltr'><strong><em>δὴ</em></strong></span> <span class='ocrx_word' id='word_1_211' title='bbox 350 3087 439 3172; x_wconf 79' lang='grc' dir='ltr'><strong><em>παρὰ</em></strong></span> <span class='ocrx_word' id='word_1_212' title='bbox 454 3091 575 3173; x_wconf 78' lang='grc' dir='ltr'><strong><em>νηυσὶν</em></strong></span> <span class='ocrx_word' id='word_1_213' title='bbox 590 3091 770 3179; x_wconf 81' lang='grc' dir='ltr'><strong><em>ἐρητύοντο</em></strong></span> <span class='ocrx_word' id='word_1_214' title='bbox 786 3090 953 3176; x_wconf 86' lang='grc' dir='ltr'><strong><em>μένοντες,</em></strong></span> <span class='ocrx_word' id='word_1_215' title='bbox 1071 3107 1121 3162; x_wconf 72' lang='grc'><strong><em>346</em></strong></span> 
     </span>
    </p>

    <p class='ocr_par' dir='ltr' id='par_1_29' title="bbox 163 3183 910 3274">
     <span class='ocr_line' id='line_1_30' title="bbox 163 3183 910 3274; baseline 0.005 -22"><span class='ocrx_word' id='word_1_216' title='bbox 163 3183 339 3272; x_wconf 80' lang='grc' dir='ltr'><strong><em>ἀλλήλοισί</em></strong></span> <span class='ocrx_word' id='word_1_217' title='bbox 351 3211 386 3252; x_wconf 86' lang='grc' dir='ltr'><strong><em>τε</em></strong></span> <span class='ocrx_word' id='word_1_218' title='bbox 401 3187 596 3274; x_wconf 87' lang='grc' dir='ltr'><strong><em>κεκλόμενοι</em></strong></span> <span class='ocrx_word' id='word_1_219' title='bbox 612 3191 667 3256; x_wconf 83' lang='grc' dir='ltr'><strong><em>καί</em></strong></span> <span class='ocrx_word' id='word_1_220' title='bbox 682 3198 763 3258; x_wconf 85' lang='grc' dir='ltr'><strong><em>πάσι</em></strong></span> <span class='ocrx_word' id='word_1_221' title='bbox 778 3200 910 3258; x_wconf 78' lang='grc' dir='ltr'><strong><em>θεοῖσιν</em></strong></span> 
     </span>
    </p>

    <p class='ocr_par' dir='ltr' id='par_1_30' title="bbox 165 3283 991 3373">
     <span class='ocr_line' id='line_1_31' title="bbox 165 3283 991 3373; baseline 0.005 -21"><span class='ocrx_word' id='word_1_222' title='bbox 165 3300 274 3371; x_wconf 76' lang='grc' dir='ltr'><strong><em>χεῖρας</em></strong></span> <span class='ocrx_word' id='word_1_223' title='bbox 290 3283 480 3371; x_wconf 88' lang='grc' dir='ltr'><strong><em>ἀνίσχοντες</em></strong></span> <span class='ocrx_word' id='word_1_224' title='bbox 494 3286 606 3373; x_wconf 86' lang='grc' dir='ltr'><strong><em>μεγάλ’</em></strong></span> <span class='ocrx_word' id='word_1_225' title='bbox 624 3287 823 3373; x_wconf 81' lang='grc' dir='ltr'><strong><em>εὐχετόωντο</em></strong></span> <span class='ocrx_word' id='word_1_226' title='bbox 839 3291 991 3368; x_wconf 78' lang='grc' dir='ltr'><strong><em>ἕκαστος·</em></strong></span> 
     </span>
    </p>
   </div>
   <div class='ocr_carea' id='block_1_3' title="bbox 166 3381 1022 3574">
    <p class='ocr_par' dir='ltr' id='par_1_31' title="bbox 166 3381 1022 3574">
     <span class='ocr_line' id='line_1_32' title="bbox 168 3381 1022 3474; baseline 0.002 -22"><span class='ocrx_word' id='word_1_227' title='bbox 168 3393 283 3467; x_wconf 82' lang='grc' dir='ltr'><strong><em>Εκτωρ</em></strong></span> <span class='ocrx_word' id='word_1_228' title='bbox 300 3381 331 3451; x_wconf 75' lang='grc' dir='ltr'><strong><em>δ</em></strong></span> <span class='ocrx_word' id='word_1_229' title='bbox 351 3381 652 3472; x_wconf 83' lang='grc' dir='ltr'><strong><em>άμφιπεριστράφα</em></strong></span> <span class='ocrx_word' id='word_1_230' title='bbox 668 3393 875 3474; x_wconf 88' lang='grc' dir='ltr'><strong><em>καλλίτριχας</em></strong></span> <span class='ocrx_word' id='word_1_231' title='bbox 887 3391 1022 3474; x_wconf 79' lang='grc' dir='ltr'><strong><em>ἵππους,</em></strong></span> 
     </span>
     <span class='ocr_line' id='line_1_33' title="bbox 166 3480 980 3574; baseline 0.007 -25"><span class='ocrx_word' id='word_1_232' title='bbox 166 3488 316 3569; x_wconf 83' lang='grc' dir='ltr'><strong><em>Γοργοῦς</em></strong></span> <span class='ocrx_word' id='word_1_233' title='bbox 332 3480 445 3569; x_wconf 80' lang='grc' dir='ltr'><strong><em>ὄμματ’</em></strong></span> <span class='ocrx_word' id='word_1_234' title='bbox 464 3489 549 3568; x_wconf 80' lang='grc' dir='ltr'><strong><em>ἔχων</em></strong></span> <span class='ocrx_word' id='word_1_235' title='bbox 563 3482 604 3573; x_wconf 72' lang='grc' dir='ltr'><strong><em>ἠδ</em></strong></span> <span class='ocrx_word' id='word_1_236' title='bbox 618 3493 836 3573; x_wconf 82' lang='grc' dir='ltr'><strong><em>βροτολοιγοῦ</em></strong></span> <span class='ocrx_word' id='word_1_237' title='bbox 849 3486 980 3574; x_wconf 72' lang='grc' dir='ltr'><strong><em>Ἄρηος.</em></strong></span> 
     </span>
    </p>
   </div>
   <div class='ocr_carea' id='block_1_4' title="bbox 0 0 1210 3918">
    <p class='ocr_par' dir='ltr' id='par_1_32' title="bbox 0 0 1210 3918">
     <span class='ocr_line' id='line_1_34' title="bbox 0 0 1210 3918; baseline 0 4"><span class='ocrx_word' id='word_1_238' title='bbox 0 0 1210 3918; x_wconf 95' lang='lat' dir='ltr'><strong><em> </em></strong></span> 
     </span>
    </p>
   </div>
  </div>
 </body>
</html>
