2492 3920
440 1010 758 1095 PRAEFATIO

306 1190 588 1260 nn1r10u1s
618 1191 884 1275 Quassus.

522 1425 683 1435 affl

179 1617 334 1697 Carmina
347 1637 474 1696 Homeri
494 1657 586 1716 quum
604 1647 675 1696 ante
696 1637 751 1698 hos
772 1635 896 1714 triginta
919 1655 1014 1696 annos
1034 1637 1095 1716 pri-

99 1738 174 1780 mum
198 1721 339 1796 ederem,
364 1721 442 1781 nihil
463 1721 547 1781 aliud
568 1721 643 1781 mihi
662 1723 847 1802 propositum
870 1729 934 1780 erat
952 1740 1043 1802 quam
1062 1729 1096 1782 ut

98 1815 242 1865 accurate
260 1807 407 1884 impressa
429 1805 620 1881 exhiberem,
649 1806 755 1866 Wolfii
775 1806 962 1886 potissimum
988 1825 1094 1866 recen·

97 1889 212 1950 sionem
228 1899 369 1964 secutus,
390 1910 451 1950 non
467 1889 549 1970 quod
570 1892 651 1950 omni
673 1909 713 1950 ex
734 1899 821 1970 parte
834 1889 993 1970 probanda
1008 1888 1093 1950 vide·

96 1981 191 2049 retur,
219 1973 276 2034 sed
297 1974 379 2054 quod
402 1995 439 2034 ea
462 1975 529 2051 ejus
551 1983 616 2034 erat
636 1983 698 2036 tum
721 1975 863 2054 temporis
885 1975 916 2033 in
936 1973 1048 2034 scholis
1064 1983 1095 2034 et

97 2057 264 2118 academiis
290 2059 454 2118 auctoritas
476 2067 509 2117 ut
530 2079 569 2118 ue
592 2059 761 2120 consultum
787 2057 911 2139 quidem
938 2057 1094 2118 videretur

97 2141 189 2201 multa
207 2143 365 2202 novari-in
383 2143 517 2202 editione
534 2141 642 2204 iisdem
663 2142 815 2204 destinata
831 2143 944 2204 usibus.
981 2143 1093 2203 Verum

96 2244 184 2304 quum
207 2236 331 2306 postero
350 2235 485 2308 tempore
514 2225 691 2305 diligentius
718 2227 931 2306 pervestigatio
952 2225 1093 2286 lectionis

94 2308 278 2370 Homericae
300 2311 432 2370 fontibus
457 2319 487 2372 et
507 2314 595 2372 novis
618 2313 709 2372 etiam
730 2312 843 2390 apertis
858 2311 988 2390 plurima
1004 2311 1093 2370 aliter

94 2411 182 2470 quam
197 2395 331 2454 Woifius
346 2395 471 2455 fecisset
486 2395 672 2457 instituenda
685 2396 779 2456 fuisse
790 2415 882 2474 quum
894 2395 932 2454 ab
945 2395 1013 2456 aliis
1029 2403 1091 2456 tum

96 2477 130 2534 ab
150 2498 200 2538 me
225 2478 291 2558 ipso
313 2479 501 2540 intellectum
521 2490 617 2555 esset,
644 2501 705 2540 non
724 2478 970 2540 committendum
985 2479 1091 2557 putavi

95 2570 139 2635 ut,
155 2583 252 2642 quum
264 2563 342 2622 hacc
361 2561 454 2624 editio
470 2565 578 2624 iterum
593 2567 762 2644 iterumque
782 2562 982 2644 imprimenda
999 2571 1091 2637 esset,

94 2645 195 2706 Wolfii
218 2657 389 2726 repeterem
410 2650 626 2710 recensionem.
660 2650 709 2709 Ita
724 2649 836 2708 factum
854 2657 901 2708 est
914 2656 950 2707 nt
963 2668 1025 2708 non
1043 2667 1090 2706 so-

95 2728 154 2788 lum
170 2731 279 2804 tertia,
304 2731 361 2791 sed
376 2733 473 2810 magis
489 2734 580 2793 etiam
596 2742 706 2813 quarta
720 2733 797 2792 haec
813 2731 906 2792 editio
920 2729 1013 2790 valde
1030 2730 1089 2790 dis-

93 2814 198 2875 similis
215 2813 362 2876 eraderet
383 2814 567 2876 editionibus
588 2819 664 2878 meis
686 2816 803 2878 duabus
823 2817 928 2896 primis
950 2817 1089 2896 propius·

94 2916 150 2976 que
173 2899 339 2962 accederet
361 2899 400 2959 ad
420 2902 628 2962 reensionem
646 2899 829 2976 Aristarchi,
856 2909 1006 2981 quatenus
1022 2921 1089 2961 eam

94 2999 130 3040 cx
155 2986 421 3061 grammaticorum
443 2987 611 3064 excerptis,
643 2986 773 3064 copiosis
799 2987 830 3046 in
851 2984 966 3059 Iliade,
996 2983 1089 3044 valde

89 3067 203 3142 jejunis
228 3069 261 3128 in
286 3068 441 3150 Odyssea,
473 3072 624 3148 cognitam
650 3070 806 3132 habemus.
845 3069 1027 3149 Quanquam
1047 3088 1087 3130 ne

92 3147 168 3210 hauc
193 3152 317 3232 quidem
339 3173 394 3232 per
415 3155 515 3213 omnia
536 3156 622 3234 sequi
641 3154 737 3214 licuit.
777 3155 856 3214 Nam
877 3156 934 3213 etsi
954 3153 1086 3212 Aristar·

93 3232 163 3294 chus
181 3256 245 3297 non
265 3237 361 3297 solum
377 3239 515 3315 ingenio,
540 3238 680 3298 doctrina
697 3240 830 3319 artisque
847 3239 971 3298 criticae
989 3238 1086 3297 facul·

92 3323 168 3392 tate,
187 3318 242 3380 sed
258 3322 349 3380 etiam
360 3321 464 3382 subtili
475 3325 621 3382 sermonis
632 3323 788 3382 Homerici
802 3324 975 3401 cognitione
987 3342 1085 3400 gram-

92 3403 214 3464 maticos
230 3415 345 3466 ceteros
358 3425 460 3466 omnes
472 3407 563 3485 longe
578 3410 741 3485 superavit,
758 3407 839 3488 quod
852 3406 979 3466 Carolus
991 3406 1085 3466 Lehr-

91 3484 149 3546 sins
175 3489 208 3548 in
233 3489 310 3550 libro
339 3489 377 3550 de
399 3489 570 3552 Aristarchi
596 3491 704 3552 studiis
729 3493 900 3552 Homericis
925 3491 1084 3570 praeclare
