2412 3918
386 267 612 324 ΙΛῙΑΔΟΣ
637 269 708 325 Vlss.
966 263 1025 327 15⁵

75 420 130 490 οὐκ
144 423 204 513 ἐάᾳ
219 429 389 509 Κρονίδης
405 427 617 510 ἐπαμυνέμεν
630 422 834 510 Ἀργείοισιν.

74 513 131 589 ύδε
146 527 209 608 γάρ
225 523 384 610 ἠπείλησε
400 525 540 608 Κρόνου
555 537 641 610 παῖς,
659 518 799 615 ᾗτελέει
815 551 892 610 περ·
974 541 1025 594 415

73 621 220 704 γυιώσειν
235 625 299 709 μὲν
315 631 428 709 σφώίν
442 619 499 706 ὑφ’
517 621 665 708 ἅρμασιν
680 621 786 703 ώκέας
798 628 931 706 ἵππους,

72 718 164 800 νύτύς
179 719 211 788 δ’
228 725 266 790 ἐκ
284 725 410 808 δίφρου
426 724 560 808 βαλέειν
575 722 660 788 κατά
674 718 707 788 θ’
726 719 856 808 ἅρματα
872 720 976 800 άξειν·

72 816 143 887 ούδέ
155 845 214 887 κεν
229 825 264 900 ἐς
279 820 441 901 δεκάτους
456 823 753 908 περιτελλομένους
767 817 942 898 ἐνιαυτούς

71 916 140 986 ἕλκε’
158 917 441 1008 ἀπαλθήσεσθον,
458 918 482 986 ά
495 945 556 986 κεν
571 919 739 1006 μάρπτῃσι
754 915 934 1002 κεραυνός·

71 1015 145 1103 [ὄφρ’
163 1025 264 1109 εἰδῇς,
282 1027 486 1105 γλαυκῶπις,
505 1014 550 1085 ὅτ’
569 1014 614 1084 άν
630 1027 677 1108 σῷ
696 1020 794 1102 πατρὶ
810 1016 940 1102 μάχηαι.
973 1031 1026 1082 λεν

63 1113 139 1205 Ἥρῃ
156 1116 187 1185 δ’
208 1119 287 1186 ούτι
302 1119 408 1188 τόσον
423 1123 627 1203 νεμεσίζεται
643 1115 723 1185 ούδέ
739 1123 909 1203 χολοῦται·

71 1219 124 1282 αἰεὶ
138 1217 203 1304 γάρ
223 1222 259 1286 οἰ
274 1223 386 1285 ἐωθευ
403 1221 543 1285 ἐνικλᾶν
560 1215 630 1282 ὅττι
646 1242 708 1283 κεν
723 1225 807 1303 εἴπῃ.

69 1310 141 1382 άλλιί
151 1317 197 1386 σύ
208 1314 253 1406 γ’,
267 1317 437 1402 αἰνοτάτη,
455 1315 545 1384 κύον
561 1313 685 1400 άδδεές,
704 1320 735 1382 εἰ
749 1314 842 1381 ἐτεόν
859 1339 897 1399 γε

69 1416 233 1502 τολμήσεις
250 1415 336 1495 Διὸς
352 1415 439 1483 άντα
455 1423 624 1502 πελιριον
640 1420 734 1498 ἐγγος
750 1409 903 1495 άείραι].“

99 1511 209 1601 Ἡμέν
227 1511 279 1600 ἄρ’
300 1510 347 1594 ώς
363 1510 489 1581 εἰποῦά
506 1511 614 1599 άπέβη
629 1511 736 1590 πόδας
752 1506 839 1578 ώκέα
851 1502 937 1595 Ἶρις,
971 1523 1023 1576 ⁴25

71 1609 162 1696 ιύτάρ
174 1610 366 1700 Ἀθηναίην
373 1609 463 1698 Ἥρη
481 1613 566 1695 πρὸς
582 1617 698 1698 μῦθον
714 1615 837 1676 ἐειπεν·

101 1707 164 1798 ,Ὦ
182 1714 300 1798 πόντοι,
318 1711 480 1797 αἰγιύγοιο
496 1708 581 1790 Διὸς
596 1713 699 1796 τέκος,
718 1704 824 1777 οὐκέτ’
840 1712 944 1792 ἐγωγε

67 1817 121 1877 vuit
135 1815 181 1879 ἐώ
197 1811 287 1890 Διὸς
303 1809 388 1879 άντα
404 1817 539 1898 βροτῶν
554 1813 653 1878 ἕνεκα
669 1812 880 1894 πτολεμίζειν.

66 1917 125 1976 τών
140 1909 245 1989 ἄλλος
261 1911 325 1997 μὲν
340 1907 562 1996 άποφδίσθω,
582 1910 681 1988 ἄλλος
696 1909 732 1976 δὲ
747 1905 868 1996 βιώτω,

65 2007 96 2088 ὅς
110 2036 146 2077 κε
162 2009 266 2096 τύγγγ
290 2022 401 2088 κεῖνος
419 2009 457 2078 δὲ
473 2009 514 2076 τὰ
531 2005 553 2075 ά
569 2011 726 2094 φρονέων
741 2007 791 2073 ἐνί
807 2009 910 2090 θυμῷ
971 2013 1020 2067 λλλ

68 2117 171 2192 Τρωσί
187 2136 226 2178 τε
243 2113 300 2177 καί
317 2117 486 2176 Δαναοῖσι
503 2111 668 2190 δικαζέτω,
686 2102 731 2183 ώς
747 2103 918 2180 ἐπιεικές.“

99 2205 158 2289 Ὣς
174 2208 245 2293 άρα
262 2209 452 2296 φωνήσασα
469 2208 571 2276 πάλιν
587 2209 686 2288 τρέπε
704 2202 858 2291 μώνυχας
873 2205 1004 2276 ἵππους.

66 2317 151 2396 τῇσιν
167 2308 202 2376 δ’
219 2301 319 2392 Ὧραι
336 2312 400 2394 μὲν
417 2315 526 2375 λῦσαν
542 2311 750 2389 καλλίτριχας
766 2305 904 2378 ἵππους·

66 2407 210 2488 καὶτοὺς
227 2410 292 2495 μὲν
308 2410 496 2494 κατέδησαν
512 2404 560 2474 ἐπ’
577 2403 776 2491 ἀμβροσίῃσι
791 2399 947 2488 κάπῃσιν,

64 2507 187 2594 ἅρματα
207 2506 239 2576 (Υ
259 2514 398 2576 έκλιναν
414 2504 500 2593 πρὸς
515 2505 642 2573 ἐνώπια
660 2497 927 2587 παμφανόωντα·
970 2510 1020 2564 435
1044 2499 1050 2508 '

65 2605 154 2677 αὐταὶ
173 2607 211 2676 δὲ
229 2610 423 2693 χρυσέοισιν
439 2606 490 2674 ἐπί
508 2613 675 2690 κλισμοῖσι
688 2605 831 2680 καθίζου

64 2703 145 2791 μίγδ’
166 2705 303 2774 ἄλλοισι
315 2715 439 2791 δεοίσι,
457 2709 559 2790 φίλον
574 2703 759 2788 τετιημέναι
775 2689 867 2784 ήτορ.

99 2803 186 2886 Ζεύς
205 2805 243 2876 δέ
259 2805 370 2892 πατὴρ
382 2805 522 2890 Ἴδηθεν
536 2802 699 2888 ἐύτροχον
713 2797 815 2884 ἅρμα.
825 2795 881 2863 καὶ
896 2797 1017 2872 ἵππους

66 2903 290 2992 Οὔλυμπόνδε
307 2907 417 2990 δίωκε,
435 2909 531 2972 θεαῖν
546 2898 579 2968 δ’
598 2903 722 2980 ἐξίκετο
736 2895 882 2973 θώκους.

64 3009 105 3090 τῷ
123 3003 159 3071 δὲ
176 3006 234 3072 καὶ
250 3007 376 3081 ἵππους
393 3005 456 3088 μὲν
473 3009 553 3068 λῦσε
569 2996 691 3078 κλυτὸς
707 2999 923 3080 ἐννοσίγαιος,
967 3007 1019 3060 λλυ

65 3100 192 3188 ἅρματα
210 3102 241 3170 δ’
262 3099 309 3188 ἂμ
326 3110 468 3190 βωμοῖσι
483 3107 581 3185 τίθει,
600 3096 685 3168 κατὰ
700 3104 772 3164 λῖτα
791 3091 969 3171 πετάσσας·

64 3199 159 3282 αύτός
177 3206 215 3270 δέ
229 3202 390 3288 χρύσειον
406 3201 459 3268 ε’πί
476 3199 609 3283 θρόνον
625 3196 778 3280 εὐρύοπα
794 3201 881 3272 Ζευς

64 3301 158 3389 ἵζετο,
179 3308 227 3392 τῷ
246 3298 279 3368 δ’
298 3296 366 3368 ύπδ
387 3301 486 3368 ποσσί
503 3300 606 3385 μέγας
621 3288 981 3380 πελεμίζετ’Ὄλυμπος.

64 3401 96 3465 αἰ
109 3397 140 3467 δ’
162 3397 230 3467 οἰαι
245 3396 332 3479 Διὸς
348 3396 452 3484 άμφίς
464 3394 624 3484 Ἀθηναίῃ
641 3421 676 3463 τε
693 3390 846 3476 καίἭρη

66 3495 186 3585 ἥσθην,
204 3495 289 3566 ούδέ
300 3503 337 3565 τί
348 3524 407 3584 μιν
424 3496 664 3582 προσεφώνεον
679 3489 752 3561 οὐδ’
772 3493 920 3576 ἐρέοντο·
969 3503 1019 3560 λλὸ
