<?xml version="1.0" encoding="UTF-8"?>
<!DOCTYPE html PUBLIC "-//W3C//DTD XHTML 1.0 Transitional//EN"
    "http://www.w3.org/TR/xhtml1/DTD/xhtml1-transitional.dtd">
<html xmlns="http://www.w3.org/1999/xhtml" xml:lang="en" lang="en">
 <head>
  <title>
</title>
<meta http-equiv="Content-Type" content="text/html;charset=utf-8" />
  <meta name='ocr-system' content='tesseract 3.04.00' />
  <meta name='ocr-capabilities' content='ocr_page ocr_carea ocr_par ocr_line ocrx_word'/>
</head>
<body>
  <div class='ocr_page' id='page_1' title='image "./homericarminaad01baumgoog_0300.png"; bbox 0 0 2406 3920; ppageno 0'>
   <div class='ocr_carea' id='block_1_1' title="bbox 379 195 1027 268">
    <p class='ocr_par' dir='ltr' id='par_1_1' title="bbox 379 195 1027 268">
     <span class='ocr_line' id='line_1_1' title="bbox 379 195 1027 268; baseline 0.002 -10"><span class='ocrx_word' id='word_1_1' title='bbox 379 199 620 268; x_wconf 68' lang='grc' dir='ltr'><strong><em>,ΙΛΙΑΔΟΣ</em></strong></span> <span class='ocrx_word' id='word_1_2' title='bbox 642 203 690 258; x_wconf 74' lang='lat' dir='ltr'><strong><em>xl.</em></strong></span> <span class='ocrx_word' id='word_1_3' title='bbox 898 243 903 250; x_wconf 86' lang='lat'>-</span> <span class='ocrx_word' id='word_1_4' title='bbox 963 195 1027 260; x_wconf 72' lang='lat'><strong><em>223</em></strong></span> 
     </span>
    </p>
   </div>
   <div class='ocr_carea' id='block_1_2' title="bbox 70 357 824 447">
    <p class='ocr_par' dir='ltr' id='par_1_2' title="bbox 70 357 824 447">
     <span class='ocr_line' id='line_1_2' title="bbox 70 357 824 447; baseline 0.003 -19"><span class='ocrx_word' id='word_1_5' title='bbox 70 358 99 440; x_wconf 79' lang='grc' dir='ltr'><strong><em>ὡς</em></strong></span> <span class='ocrx_word' id='word_1_6' title='bbox 111 358 198 430; x_wconf 85' lang='grc' dir='ltr'><strong><em>ὁπότ’</em></strong></span> <span class='ocrx_word' id='word_1_7' title='bbox 217 359 381 430; x_wconf 75' lang='grc' dir='ltr'><strong><em>Ἠλείοισι</em></strong></span> <span class='ocrx_word' id='word_1_8' title='bbox 398 360 457 428; x_wconf 84' lang='grc' dir='ltr'><strong><em>καὶ</em></strong></span> <span class='ocrx_word' id='word_1_9' title='bbox 474 357 555 446; x_wconf 74' lang='grc' dir='ltr'><strong><em>ἡμῖν</em></strong></span> <span class='ocrx_word' id='word_1_10' title='bbox 574 373 684 438; x_wconf 85' lang='grc' dir='ltr'><strong><em>νεῖκος</em></strong></span> <span class='ocrx_word' id='word_1_11' title='bbox 700 359 824 447; x_wconf 79' lang='grc' dir='ltr'><strong><em>ἐτύχθη</em></strong></span> 
     </span>
    </p>
   </div>
   <div class='ocr_carea' id='block_1_3' title="bbox 69 553 914 745">
    <p class='ocr_par' dir='ltr' id='par_1_3' title="bbox 69 553 914 745">
     <span class='ocr_line' id='line_1_3' title="bbox 69 553 914 645; baseline -0.004 -18"><span class='ocrx_word' id='word_1_12' title='bbox 69 559 174 630; x_wconf 81' lang='grc' dir='ltr'><strong><em>ἐσθλὸν</em></strong></span> <span class='ocrx_word' id='word_1_13' title='bbox 184 557 436 645; x_wconf 67' lang='grc' dir='ltr'><strong><em>Ὑπειροχίδην,</em></strong></span> <span class='ocrx_word' id='word_1_14' title='bbox 454 553 492 635; x_wconf 77' lang='grc' dir='ltr'><strong><em>ὃς</em></strong></span> <span class='ocrx_word' id='word_1_15' title='bbox 509 558 548 624; x_wconf 89' lang='grc' dir='ltr'><strong><em>ἐν</em></strong></span> <span class='ocrx_word' id='word_1_16' title='bbox 558 555 671 622; x_wconf 84' lang='grc' dir='ltr'><strong><em>Ἤλιδι</em></strong></span> <span class='ocrx_word' id='word_1_17' title='bbox 688 555 914 643; x_wconf 76' lang='grc' dir='ltr'><strong><em>ναιετάασκεν,</em></strong></span> 
     </span>
     <span class='ocr_line' id='line_1_4' title="bbox 71 645 891 745; baseline -0.005 -19"><span class='ocrx_word' id='word_1_18' title='bbox 71 659 130 745; x_wconf 76' lang='grc' dir='ltr'><strong><em>ῥύσι’</em></strong></span> <span class='ocrx_word' id='word_1_19' title='bbox 151 657 397 745; x_wconf 86' lang='grc' dir='ltr'><strong><em>ἐλαυνόμενος.</em></strong></span> <span class='ocrx_word' id='word_1_20' title='bbox 431 652 501 724; x_wconf 84' lang='grc' dir='ltr'><strong><em>ὁδ’</em></strong></span> <span class='ocrx_word' id='word_1_21' title='bbox 522 651 663 739; x_wconf 84' lang='grc' dir='ltr'><strong><em>ἀμύνων</em></strong></span> <span class='ocrx_word' id='word_1_22' title='bbox 679 645 738 742; x_wconf 83' lang='grc' dir='ltr'><strong><em>ήσι</em></strong></span> <span class='ocrx_word' id='word_1_23' title='bbox 754 655 891 742; x_wconf 86' lang='grc' dir='ltr'><strong><em>βόεσσιν</em></strong></span> 
     </span>
    </p>
   </div>
   <div class='ocr_carea' id='block_1_4' title="bbox 71 749 1021 3538">
    <p class='ocr_par' dir='ltr' id='par_1_4' title="bbox 71 749 1021 940">
     <span class='ocr_line' id='line_1_5' title="bbox 71 749 1021 845; baseline -0.002 -21"><span class='ocrx_word' id='word_1_24' title='bbox 71 756 154 845; x_wconf 87' lang='grc' dir='ltr'><strong><em>ἔβλητ’</em></strong></span> <span class='ocrx_word' id='word_1_25' title='bbox 174 763 215 826; x_wconf 85' lang='grc' dir='ltr'><strong><em>ἐν</em></strong></span> <span class='ocrx_word' id='word_1_26' title='bbox 231 755 421 844; x_wconf 73' lang='grc' dir='ltr'><strong><em>πρώτοισιν</em></strong></span> <span class='ocrx_word' id='word_1_27' title='bbox 437 758 517 839; x_wconf 84' lang='grc' dir='ltr'><strong><em>ἐμῆς</em></strong></span> <span class='ocrx_word' id='word_1_28' title='bbox 534 749 599 820; x_wconf 79' lang='grc' dir='ltr'><strong><em>ἀπὸ</em></strong></span> <span class='ocrx_word' id='word_1_29' title='bbox 618 752 727 838; x_wconf 83' lang='grc' dir='ltr'><strong><em>χειρός</em></strong></span> <span class='ocrx_word' id='word_1_30' title='bbox 743 753 869 839; x_wconf 86' lang='grc' dir='ltr'><strong><em>ἀκοντι,</em></strong></span> <span class='ocrx_word' id='word_1_31' title='bbox 968 768 1021 826; x_wconf 76' lang='grc' dir='ltr'><strong><em>σλσ</em></strong></span> 
     </span>
     <span class='ocr_line' id='line_1_6' title="bbox 71 849 893 940; baseline -0.004 -17"><span class='ocrx_word' id='word_1_32' title='bbox 71 856 117 925; x_wconf 79' lang='grc' dir='ltr'><strong><em>κὰδ</em></strong></span> <span class='ocrx_word' id='word_1_33' title='bbox 130 855 164 925; x_wconf 89' lang='grc' dir='ltr'><strong><em>δ’</em></strong></span> <span class='ocrx_word' id='word_1_34' title='bbox 186 863 321 940; x_wconf 79' lang='grc' dir='ltr'><strong><em>ἔπεσεν,</em></strong></span> <span class='ocrx_word' id='word_1_35' title='bbox 340 855 417 922; x_wconf 79' lang='grc' dir='ltr'><strong><em>λαοὶ</em></strong></span> <span class='ocrx_word' id='word_1_36' title='bbox 436 852 473 920; x_wconf 81' lang='grc' dir='ltr'><strong><em>δέ</em></strong></span> <span class='ocrx_word' id='word_1_37' title='bbox 490 857 688 937; x_wconf 78' lang='grc' dir='ltr'><strong><em>περίτρεσαν</em></strong></span> <span class='ocrx_word' id='word_1_38' title='bbox 705 849 893 937; x_wconf 74' lang='grc' dir='ltr'><strong><em>ἀγροιῶται.</em></strong></span> 
     </span>
    </p>

    <p class='ocr_par' dir='ltr' id='par_1_5' title="bbox 71 947 939 1142">
     <span class='ocr_line' id='line_1_7' title="bbox 71 947 939 1043; baseline -0.006 -18"><span class='ocrx_word' id='word_1_39' title='bbox 71 961 146 1043; x_wconf 74' lang='grc' dir='ltr'><strong><em>ληΐδα</em></strong></span> <span class='ocrx_word' id='word_1_40' title='bbox 165 953 193 1024; x_wconf 86' lang='grc' dir='ltr'><strong><em>δ’</em></strong></span> <span class='ocrx_word' id='word_1_41' title='bbox 214 959 252 1023; x_wconf 84' lang='grc' dir='ltr'><strong><em>ἐκ</em></strong></span> <span class='ocrx_word' id='word_1_42' title='bbox 270 958 392 1022; x_wconf 88' lang='grc' dir='ltr'><strong><em>πεδίου</em></strong></span> <span class='ocrx_word' id='word_1_43' title='bbox 409 949 666 1035; x_wconf 77' lang='grc' dir='ltr'><strong><em>συνελάσσαμεν</em></strong></span> <span class='ocrx_word' id='word_1_44' title='bbox 681 947 785 1034; x_wconf 87' lang='grc' dir='ltr'><strong><em>ήλνθα</em></strong></span> <span class='ocrx_word' id='word_1_45' title='bbox 801 951 939 1037; x_wconf 80' lang='grc' dir='ltr'><strong><em>πολλὴν,</em></strong></span> 
     </span>
     <span class='ocr_line' id='line_1_8' title="bbox 72 1048 839 1142; baseline -0.005 -20"><span class='ocrx_word' id='word_1_46' title='bbox 72 1053 261 1142; x_wconf 87' lang='grc' dir='ltr'><strong><em>πεντήκοντα</em></strong></span> <span class='ocrx_word' id='word_1_47' title='bbox 277 1059 373 1140; x_wconf 69' lang='grc' dir='ltr'><strong><em>βοοῖν</em></strong></span> <span class='ocrx_word' id='word_1_48' title='bbox 390 1048 522 1136; x_wconf 84' lang='grc' dir='ltr'><strong><em>ἀγέλας,</em></strong></span> <span class='ocrx_word' id='word_1_49' title='bbox 540 1048 623 1117; x_wconf 87' lang='grc' dir='ltr'><strong><em>τόσα</em></strong></span> <span class='ocrx_word' id='word_1_50' title='bbox 639 1048 731 1116; x_wconf 81' lang='grc' dir='ltr'><strong><em>πύεα</em></strong></span> <span class='ocrx_word' id='word_1_51' title='bbox 747 1055 839 1136; x_wconf 73' lang='grc' dir='ltr'><strong><em>οίοῖν,</em></strong></span> 
     </span>
    </p>

    <p class='ocr_par' dir='ltr' id='par_1_6' title="bbox 72 1146 1015 1442">
     <span class='ocr_line' id='line_1_9' title="bbox 72 1146 965 1238; baseline -0.004 -16"><span class='ocrx_word' id='word_1_52' title='bbox 72 1155 154 1224; x_wconf 85' lang='grc' dir='ltr'><strong><em>τόσσα</em></strong></span> <span class='ocrx_word' id='word_1_53' title='bbox 172 1160 270 1223; x_wconf 75' lang='grc' dir='ltr'><strong><em>συιδν</em></strong></span> <span class='ocrx_word' id='word_1_54' title='bbox 289 1149 461 1238; x_wconf 89' lang='grc' dir='ltr'><strong><em>συβόσεια,</em></strong></span> <span class='ocrx_word' id='word_1_55' title='bbox 479 1146 549 1216; x_wconf 86' lang='grc' dir='ltr'><strong><em>τόσ’</em></strong></span> <span class='ocrx_word' id='word_1_56' title='bbox 567 1147 701 1217; x_wconf 75' lang='grc' dir='ltr'><strong><em>αἰπόλια</em></strong></span> <span class='ocrx_word' id='word_1_57' title='bbox 718 1149 831 1218; x_wconf 79' lang='grc' dir='ltr'><strong><em>πλατέ’</em></strong></span> <span class='ocrx_word' id='word_1_58' title='bbox 849 1155 965 1236; x_wconf 77' lang='grc' dir='ltr'><strong><em>αἰγῶν,</em></strong></span> 
     </span>
     <span class='ocr_line' id='line_1_10' title="bbox 72 1247 1015 1335; baseline -0.003 -14"><span class='ocrx_word' id='word_1_59' title='bbox 72 1260 172 1334; x_wconf 78' lang='grc' dir='ltr'><strong><em>ἵππους</em></strong></span> <span class='ocrx_word' id='word_1_60' title='bbox 189 1255 227 1322; x_wconf 76' lang='grc' dir='ltr'><strong><em>δὲ</em></strong></span> <span class='ocrx_word' id='word_1_61' title='bbox 246 1248 378 1333; x_wconf 79' lang='grc' dir='ltr'><strong><em>ξανθὰς</em></strong></span> <span class='ocrx_word' id='word_1_62' title='bbox 394 1249 517 1319; x_wconf 86' lang='grc' dir='ltr'><strong><em>ἐκατόυ</em></strong></span> <span class='ocrx_word' id='word_1_63' title='bbox 532 1251 589 1316; x_wconf 81' lang='grc' dir='ltr'><strong><em>καὶ</em></strong></span> <span class='ocrx_word' id='word_1_64' title='bbox 605 1247 821 1335; x_wconf 81' lang='grc' dir='ltr'><strong><em>πεντήκοντα,</em></strong></span> <span class='ocrx_word' id='word_1_65' title='bbox 962 1263 1015 1318; x_wconf 81' lang='grc'><strong><em>680</em></strong></span> 
     </span>
     <span class='ocr_line' id='line_1_11' title="bbox 73 1344 823 1442; baseline -0.012 -19"><span class='ocrx_word' id='word_1_66' title='bbox 73 1355 159 1436; x_wconf 86' lang='grc' dir='ltr'><strong><em>πάσας</em></strong></span> <span class='ocrx_word' id='word_1_67' title='bbox 176 1359 329 1442; x_wconf 75' lang='grc' dir='ltr'><strong><em>θηλείας,</em></strong></span> <span class='ocrx_word' id='word_1_68' title='bbox 347 1356 490 1438; x_wconf 78' lang='grc' dir='ltr'><strong><em>πολλῇσι</em></strong></span> <span class='ocrx_word' id='word_1_69' title='bbox 507 1348 543 1416; x_wconf 73' lang='grc' dir='ltr'><strong><em>δέ</em></strong></span> <span class='ocrx_word' id='word_1_70' title='bbox 559 1355 665 1416; x_wconf 76' lang='grc' dir='ltr'><strong><em>πῶλοι</em></strong></span> <span class='ocrx_word' id='word_1_71' title='bbox 680 1344 823 1433; x_wconf 80' lang='grc' dir='ltr'><strong><em>ὑπῆσαν.</em></strong></span> 
     </span>
    </p>

    <p class='ocr_par' dir='ltr' id='par_1_7' title="bbox 74 1448 1012 1937">
     <span class='ocr_line' id='line_1_12' title="bbox 76 1448 886 1541; baseline -0.005 -19"><span class='ocrx_word' id='word_1_72' title='bbox 76 1456 165 1523; x_wconf 80' lang='grc' dir='ltr'><strong><em>καὶτὰ</em></strong></span> <span class='ocrx_word' id='word_1_73' title='bbox 182 1453 247 1541; x_wconf 72' lang='grc' dir='ltr'><strong><em>μὲν</em></strong></span> <span class='ocrx_word' id='word_1_74' title='bbox 265 1449 489 1540; x_wconf 74' lang='grc' dir='ltr'><strong><em>ἠλασάμεσθα</em></strong></span> <span class='ocrx_word' id='word_1_75' title='bbox 503 1449 623 1517; x_wconf 86' lang='grc' dir='ltr'><strong><em>Πύλον</em></strong></span> <span class='ocrx_word' id='word_1_76' title='bbox 637 1448 791 1536; x_wconf 68' lang='grc' dir='ltr'><strong><em>Νηλήιον</em></strong></span> <span class='ocrx_word' id='word_1_77' title='bbox 807 1458 886 1518; x_wconf 83' lang='grc' dir='ltr'><strong><em>ελσο</em></strong></span> 
     </span>
     <span class='ocr_line' id='line_1_13' title="bbox 74 1547 936 1640; baseline -0.002 -20"><span class='ocrx_word' id='word_1_78' title='bbox 74 1553 202 1640; x_wconf 82' lang='grc' dir='ltr'><strong><em>ἐννύχιοι</em></strong></span> <span class='ocrx_word' id='word_1_79' title='bbox 219 1553 320 1636; x_wconf 83' lang='grc' dir='ltr'><strong><em>προτὶ</em></strong></span> <span class='ocrx_word' id='word_1_80' title='bbox 337 1551 437 1618; x_wconf 85' lang='grc' dir='ltr'><strong><em>ἀστυ·</em></strong></span> <span class='ocrx_word' id='word_1_81' title='bbox 459 1549 598 1636; x_wconf 88' lang='grc' dir='ltr'><strong><em>γεγήθει</em></strong></span> <span class='ocrx_word' id='word_1_82' title='bbox 615 1547 652 1616; x_wconf 80' lang='grc' dir='ltr'><strong><em>δέ</em></strong></span> <span class='ocrx_word' id='word_1_83' title='bbox 669 1553 776 1636; x_wconf 84' lang='grc' dir='ltr'><strong><em>φρίνα</em></strong></span> <span class='ocrx_word' id='word_1_84' title='bbox 791 1551 936 1636; x_wconf 81' lang='grc' dir='ltr'><strong><em>Νηλεύς,</em></strong></span> 
     </span>
     <span class='ocr_line' id='line_1_14' title="bbox 75 1646 892 1738; baseline -0.001 -21"><span class='ocrx_word' id='word_1_85' title='bbox 75 1649 179 1720; x_wconf 82' lang='grc' dir='ltr'><strong><em>οὕνεκά</em></strong></span> <span class='ocrx_word' id='word_1_86' title='bbox 194 1677 252 1737; x_wconf 89' lang='grc' dir='ltr'><strong><em>μοι</em></strong></span> <span class='ocrx_word' id='word_1_87' title='bbox 268 1649 348 1736; x_wconf 89' lang='grc' dir='ltr'><strong><em>τύχε</em></strong></span> <span class='ocrx_word' id='word_1_88' title='bbox 367 1646 475 1718; x_wconf 75' lang='grc' dir='ltr'><strong><em>πολλοὶ</em></strong></span> <span class='ocrx_word' id='word_1_89' title='bbox 493 1651 559 1738; x_wconf 82' lang='grc' dir='ltr'><strong><em>νέφ</em></strong></span> <span class='ocrx_word' id='word_1_90' title='bbox 575 1647 760 1734; x_wconf 73' lang='grc' dir='ltr'><strong><em>πόλεμόνδε</em></strong></span> <span class='ocrx_word' id='word_1_91' title='bbox 776 1648 892 1718; x_wconf 86' lang='grc' dir='ltr'><strong><em>κιόντι.</em></strong></span> 
     </span>
     <span class='ocr_line' id='line_1_15' title="bbox 75 1744 1012 1837; baseline 0.002 -21"><span class='ocrx_word' id='word_1_92' title='bbox 75 1750 198 1837; x_wconf 89' lang='grc' dir='ltr'><strong><em>κήρυκες</em></strong></span> <span class='ocrx_word' id='word_1_93' title='bbox 215 1748 249 1817; x_wconf 86' lang='grc' dir='ltr'><strong><em>δ’</em></strong></span> <span class='ocrx_word' id='word_1_94' title='bbox 265 1752 436 1836; x_wconf 77' lang='grc' dir='ltr'><strong><em>ἐλίγαινον</em></strong></span> <span class='ocrx_word' id='word_1_95' title='bbox 452 1745 507 1834; x_wconf 82' lang='grc' dir='ltr'><strong><em>ἀμ’</em></strong></span> <span class='ocrx_word' id='word_1_96' title='bbox 523 1744 582 1834; x_wconf 77' lang='grc' dir='ltr'><strong><em>ήοτ</em></strong></span> <span class='ocrx_word' id='word_1_97' title='bbox 595 1751 842 1836; x_wconf 73' lang='grc' dir='ltr'><strong><em>φαινομένηφιν</em></strong></span> <span class='ocrx_word' id='word_1_98' title='bbox 958 1765 1012 1820; x_wconf 79' lang='grc'><strong><em>685</em></strong></span> 
     </span>
     <span class='ocr_line' id='line_1_16' title="bbox 78 1844 856 1937; baseline 0.003 -21"><span class='ocrx_word' id='word_1_99' title='bbox 78 1848 138 1930; x_wconf 77' lang='grc' dir='ltr'><strong><em>τοὺς</em></strong></span> <span class='ocrx_word' id='word_1_100' title='bbox 153 1860 225 1937; x_wconf 82' lang='grc' dir='ltr'><strong><em>ἐμεν</em></strong></span> <span class='ocrx_word' id='word_1_101' title='bbox 242 1844 309 1918; x_wconf 81' lang='grc' dir='ltr'><strong><em>οἷσι</em></strong></span> <span class='ocrx_word' id='word_1_102' title='bbox 324 1861 433 1934; x_wconf 74' lang='grc' dir='ltr'><strong><em>χρεῖος</em></strong></span> <span class='ocrx_word' id='word_1_103' title='bbox 450 1844 589 1932; x_wconf 84' lang='grc' dir='ltr'><strong><em>ὀφείλετ’</em></strong></span> <span class='ocrx_word' id='word_1_104' title='bbox 607 1850 645 1914; x_wconf 91' lang='grc' dir='ltr'><strong><em>ἐν</em></strong></span> <span class='ocrx_word' id='word_1_105' title='bbox 657 1846 770 1916; x_wconf 83' lang='grc' dir='ltr'><strong><em>Ἤλιδι</em></strong></span> <span class='ocrx_word' id='word_1_106' title='bbox 786 1853 856 1937; x_wconf 85' lang='grc' dir='ltr'><strong><em>δίη·</em></strong></span> 
     </span>
    </p>

    <p class='ocr_par' dir='ltr' id='par_1_8' title="bbox 78 1942 910 2134">
     <span class='ocr_line' id='line_1_17' title="bbox 78 1942 872 2034; baseline 0.003 -20"><span class='ocrx_word' id='word_1_107' title='bbox 78 1953 104 2015; x_wconf 74' lang='grc' dir='ltr'><strong><em>οἱ</em></strong></span> <span class='ocrx_word' id='word_1_108' title='bbox 117 1952 148 2016; x_wconf 80' lang='grc' dir='ltr'><strong><em>δέ</em></strong></span> <span class='ocrx_word' id='word_1_109' title='bbox 164 1945 407 2034; x_wconf 88' lang='grc' dir='ltr'><strong><em>συναγρόμενοι</em></strong></span> <span class='ocrx_word' id='word_1_110' title='bbox 424 1953 562 2014; x_wconf 82' lang='grc' dir='ltr'><strong><em>Πυλίων</em></strong></span> <span class='ocrx_word' id='word_1_111' title='bbox 576 1942 735 2034; x_wconf 81' lang='grc' dir='ltr'><strong><em>ἡγήτορες</em></strong></span> <span class='ocrx_word' id='word_1_112' title='bbox 750 1944 872 2030; x_wconf 85' lang='grc' dir='ltr'><strong><em>ἀνδρες</em></strong></span> 
     </span>
     <span class='ocr_line' id='line_1_18' title="bbox 78 2043 910 2134; baseline 0.006 -22"><span class='ocrx_word' id='word_1_113' title='bbox 78 2051 246 2130; x_wconf 80' lang='grc' dir='ltr'><strong><em>δαίτρευον·</em></strong></span> <span class='ocrx_word' id='word_1_114' title='bbox 269 2047 407 2112; x_wconf 81' lang='grc' dir='ltr'><strong><em>πολέσιν</em></strong></span> <span class='ocrx_word' id='word_1_115' title='bbox 425 2043 490 2132; x_wconf 82' lang='grc' dir='ltr'><strong><em>γὰρ</em></strong></span> <span class='ocrx_word' id='word_1_116' title='bbox 505 2043 624 2114; x_wconf 81' lang='grc' dir='ltr'><strong><em>Ἐπειοί</em></strong></span> <span class='ocrx_word' id='word_1_117' title='bbox 638 2059 746 2132; x_wconf 78' lang='grc' dir='ltr'><strong><em>χρεῖος</em></strong></span> <span class='ocrx_word' id='word_1_118' title='bbox 761 2047 910 2134; x_wconf 83' lang='grc' dir='ltr'><strong><em>ὄφειλον,</em></strong></span> 
     </span>
    </p>

    <p class='ocr_par' dir='ltr' id='par_1_9' title="bbox 77 2141 1007 2535">
     <span class='ocr_line' id='line_1_19' title="bbox 77 2141 905 2237; baseline 0.006 -25"><span class='ocrx_word' id='word_1_119' title='bbox 77 2145 111 2224; x_wconf 80' lang='grc' dir='ltr'><strong><em>ὡς</em></strong></span> <span class='ocrx_word' id='word_1_120' title='bbox 125 2141 208 2232; x_wconf 74' lang='grc' dir='ltr'><strong><em>ἡμεῖς</em></strong></span> <span class='ocrx_word' id='word_1_121' title='bbox 225 2151 348 2229; x_wconf 87' lang='grc' dir='ltr'><strong><em>παῦροι</em></strong></span> <span class='ocrx_word' id='word_1_122' title='bbox 363 2149 587 2230; x_wconf 78' lang='grc' dir='ltr'><strong><em>κεκακωμένοι</em></strong></span> <span class='ocrx_word' id='word_1_123' title='bbox 602 2148 639 2214; x_wconf 91' lang='grc' dir='ltr'><strong><em>ἐν</em></strong></span> <span class='ocrx_word' id='word_1_124' title='bbox 654 2147 759 2237; x_wconf 83' lang='grc' dir='ltr'><strong><em>Πύλφ</em></strong></span> <span class='ocrx_word' id='word_1_125' title='bbox 774 2141 867 2236; x_wconf 86' lang='grc' dir='ltr'><strong><em>ήμεν.</em></strong></span> <span class='ocrx_word' id='word_1_126' title='bbox 886 2187 905 2200; x_wconf 91' lang='grc'>-</span> 
     </span>
     <span class='ocr_line' id='line_1_20' title="bbox 78 2241 1007 2334; baseline 0.011 -23"><span class='ocrx_word' id='word_1_127' title='bbox 78 2241 172 2312; x_wconf 72' lang='grc' dir='ltr'><strong><em>ἐλθόν</em></strong></span> <span class='ocrx_word' id='word_1_128' title='bbox 189 2241 251 2330; x_wconf 90' lang='grc' dir='ltr'><strong><em>γάρ</em></strong></span> <span class='ocrx_word' id='word_1_129' title='bbox 268 2243 300 2330; x_wconf 79' lang='grc' dir='ltr'><strong><em>ῥ’</em></strong></span> <span class='ocrx_word' id='word_1_130' title='bbox 319 2243 467 2312; x_wconf 82' lang='grc' dir='ltr'><strong><em>ἐκάκωσε</em></strong></span> <span class='ocrx_word' id='word_1_131' title='bbox 484 2249 539 2331; x_wconf 92' lang='grc' dir='ltr'><strong><em>βίη</em></strong></span> <span class='ocrx_word' id='word_1_132' title='bbox 554 2242 749 2334; x_wconf 83' lang='grc' dir='ltr'><strong><em>Ἡρακληείη</em></strong></span> <span class='ocrx_word' id='word_1_133' title='bbox 952 2265 1007 2321; x_wconf 77' lang='lat'><strong><em>69⁰</em></strong></span> 
     </span>
     <span class='ocr_line' id='line_1_21' title="bbox 77 2343 1003 2436; baseline 0.009 -26"><span class='ocrx_word' id='word_1_134' title='bbox 77 2352 134 2411; x_wconf 79' lang='grc' dir='ltr'><strong><em>τόν</em></strong></span> <span class='ocrx_word' id='word_1_135' title='bbox 147 2347 310 2428; x_wconf 86' lang='grc' dir='ltr'><strong><em>προτέρων</em></strong></span> <span class='ocrx_word' id='word_1_136' title='bbox 326 2345 436 2430; x_wconf 81' lang='grc' dir='ltr'><strong><em>ἐτέων,</em></strong></span> <span class='ocrx_word' id='word_1_137' title='bbox 453 2343 537 2412; x_wconf 81' lang='grc' dir='ltr'><strong><em>κατὰ</em></strong></span> <span class='ocrx_word' id='word_1_138' title='bbox 548 2343 580 2412; x_wconf 88' lang='grc' dir='ltr'><strong><em>δ’</em></strong></span> <span class='ocrx_word' id='word_1_139' title='bbox 593 2351 736 2415; x_wconf 78' lang='grc' dir='ltr'><strong><em>ἔκταθεν</em></strong></span> <span class='ocrx_word' id='word_1_140' title='bbox 750 2345 846 2417; x_wconf 81' lang='grc' dir='ltr'><strong><em>ὅσσοι</em></strong></span> <span class='ocrx_word' id='word_1_141' title='bbox 863 2346 1003 2436; x_wconf 83' lang='grc' dir='ltr'><strong><em>ἀριστοι.</em></strong></span> 
     </span>
     <span class='ocr_line' id='line_1_22' title="bbox 79 2440 817 2535; baseline 0.009 -25"><span class='ocrx_word' id='word_1_142' title='bbox 79 2441 190 2510; x_wconf 80' lang='grc' dir='ltr'><strong><em>δάδεκα</em></strong></span> <span class='ocrx_word' id='word_1_143' title='bbox 204 2441 265 2530; x_wconf 81' lang='grc' dir='ltr'><strong><em>γάρ</em></strong></span> <span class='ocrx_word' id='word_1_144' title='bbox 282 2451 417 2531; x_wconf 85' lang='grc' dir='ltr'><strong><em>Νηλῆος</em></strong></span> <span class='ocrx_word' id='word_1_145' title='bbox 432 2442 603 2532; x_wconf 80' lang='grc' dir='ltr'><strong><em>ἀμύμονος</em></strong></span> <span class='ocrx_word' id='word_1_146' title='bbox 617 2448 703 2528; x_wconf 88' lang='grc' dir='ltr'><strong><em>νίέες</em></strong></span> <span class='ocrx_word' id='word_1_147' title='bbox 716 2440 817 2535; x_wconf 83' lang='grc' dir='ltr'><strong><em>ἦμεν·</em></strong></span> 
     </span>
    </p>

    <p class='ocr_par' dir='ltr' id='par_1_10' title="bbox 78 2541 909 2631">
     <span class='ocr_line' id='line_1_23' title="bbox 78 2541 909 2631; baseline 0.014 -23"><span class='ocrx_word' id='word_1_148' title='bbox 78 2549 136 2609; x_wconf 81' lang='grc' dir='ltr'><strong><em>τῶν</em></strong></span> <span class='ocrx_word' id='word_1_149' title='bbox 152 2541 213 2622; x_wconf 84' lang='grc' dir='ltr'><strong><em>οἶος</em></strong></span> <span class='ocrx_word' id='word_1_150' title='bbox 227 2544 378 2631; x_wconf 88' lang='grc' dir='ltr'><strong><em>λιπόμην,</em></strong></span> <span class='ocrx_word' id='word_1_151' title='bbox 395 2547 428 2611; x_wconf 91' lang='grc' dir='ltr'><strong><em>οί</em></strong></span> <span class='ocrx_word' id='word_1_152' title='bbox 443 2541 477 2610; x_wconf 85' lang='grc' dir='ltr'><strong><em>δ’</em></strong></span> <span class='ocrx_word' id='word_1_153' title='bbox 495 2544 592 2614; x_wconf 74' lang='grc' dir='ltr'><strong><em>ἄλλοι</em></strong></span> <span class='ocrx_word' id='word_1_154' title='bbox 607 2546 729 2628; x_wconf 84' lang='grc' dir='ltr'><strong><em>πάντες</em></strong></span> <span class='ocrx_word' id='word_1_155' title='bbox 745 2546 871 2619; x_wconf 85' lang='grc' dir='ltr'><strong><em>ὄλοντο.</em></strong></span> <span class='ocrx_word' id='word_1_156' title='bbox 890 2591 909 2604; x_wconf 88' lang='grc'><strong>-</strong></span> 
     </span>
    </p>

    <p class='ocr_par' dir='ltr' id='par_1_11' title="bbox 80 2637 848 2738">
     <span class='ocr_line' id='line_1_24' title="bbox 80 2637 848 2738; baseline 0.017 -32"><span class='ocrx_word' id='word_1_157' title='bbox 80 2637 163 2706; x_wconf 83' lang='grc' dir='ltr'><strong><em>ταῦθ’</em></strong></span> <span class='ocrx_word' id='word_1_158' title='bbox 178 2637 456 2728; x_wconf 73' lang='grc' dir='ltr'><strong><em>ὑπερηφανέοντες</em></strong></span> <span class='ocrx_word' id='word_1_159' title='bbox 471 2640 587 2712; x_wconf 79' lang='grc' dir='ltr'><strong><em>Ἐπειοί</em></strong></span> <span class='ocrx_word' id='word_1_160' title='bbox 603 2654 848 2738; x_wconf 67' lang='grc' dir='ltr'><strong><em>χαλκοχίτωνες,</em></strong></span> 
     </span>
    </p>

    <p class='ocr_par' dir='ltr' id='par_1_12' title="bbox 78 2735 1003 3037">
     <span class='ocr_line' id='line_1_25' title="bbox 78 2735 1003 2834; baseline 0.024 -29"><span class='ocrx_word' id='word_1_161' title='bbox 78 2735 168 2824; x_wconf 83' lang='grc' dir='ltr'><strong><em>ήμέας</em></strong></span> <span class='ocrx_word' id='word_1_162' title='bbox 182 2737 369 2829; x_wconf 79' lang='grc' dir='ltr'><strong><em>ὑβρίζοντες,</em></strong></span> <span class='ocrx_word' id='word_1_163' title='bbox 386 2741 560 2813; x_wconf 85' lang='grc' dir='ltr'><strong><em>ἀτάσθαλα</em></strong></span> <span class='ocrx_word' id='word_1_164' title='bbox 574 2747 798 2834; x_wconf 82' lang='grc' dir='ltr'><strong><em>μηχανόωντο.</em></strong></span> <span class='ocrx_word' id='word_1_165' title='bbox 816 2793 836 2804; x_wconf 93' lang='grc'><strong>-</strong></span> <span class='ocrx_word' id='word_1_166' title='bbox 949 2771 1003 2829; x_wconf 72' lang='grc'><strong><em>695</em></strong></span> 
     </span>
     <span class='ocr_line' id='line_1_26' title="bbox 80 2835 952 2940; baseline 0.022 -36"><span class='ocrx_word' id='word_1_167' title='bbox 80 2840 110 2905; x_wconf 90' lang='grc' dir='ltr'><strong><em>ἐκ</em></strong></span> <span class='ocrx_word' id='word_1_168' title='bbox 126 2835 156 2904; x_wconf 88' lang='grc' dir='ltr'><strong><em>δ’</em></strong></span> <span class='ocrx_word' id='word_1_169' title='bbox 172 2835 188 2905; x_wconf 88' lang='grc' dir='ltr'>ὁ</span> <span class='ocrx_word' id='word_1_170' title='bbox 205 2842 305 2926; x_wconf 83' lang='grc' dir='ltr'><strong><em>γέρων</em></strong></span> <span class='ocrx_word' id='word_1_171' title='bbox 320 2841 443 2930; x_wconf 81' lang='grc' dir='ltr'><strong><em>ἀγέλην</em></strong></span> <span class='ocrx_word' id='word_1_172' title='bbox 458 2869 494 2911; x_wconf 92' lang='grc' dir='ltr'><strong><em>τε</em></strong></span> <span class='ocrx_word' id='word_1_173' title='bbox 509 2851 602 2930; x_wconf 73' lang='grc' dir='ltr'><strong><em>βοοῖν</em></strong></span> <span class='ocrx_word' id='word_1_174' title='bbox 617 2849 673 2916; x_wconf 81' lang='grc' dir='ltr'><strong><em>καὶ</em></strong></span> <span class='ocrx_word' id='word_1_175' title='bbox 688 2857 765 2918; x_wconf 79' lang='grc' dir='ltr'><strong><em>παῖῦ</em></strong></span> <span class='ocrx_word' id='word_1_176' title='bbox 780 2851 849 2940; x_wconf 88' lang='grc' dir='ltr'><strong><em>μέγ’</em></strong></span> <span class='ocrx_word' id='word_1_177' title='bbox 869 2859 952 2926; x_wconf 73' lang='grc' dir='ltr'><strong><em>οίαῐν</em></strong></span> 
     </span>
     <span class='ocr_line' id='line_1_27' title="bbox 81 2940 774 3037; baseline 0.023 -35"><span class='ocrx_word' id='word_1_178' title='bbox 81 2940 183 3022; x_wconf 80' lang='grc' dir='ltr'><strong><em>εἵλετο,</em></strong></span> <span class='ocrx_word' id='word_1_179' title='bbox 197 2940 381 3028; x_wconf 88' lang='grc' dir='ltr'><strong><em>κρινάμενος</em></strong></span> <span class='ocrx_word' id='word_1_180' title='bbox 396 2942 552 3030; x_wconf 89' lang='grc' dir='ltr'><strong><em>τριηκόσι’</em></strong></span> <span class='ocrx_word' id='word_1_181' title='bbox 565 2944 624 3032; x_wconf 79' lang='grc' dir='ltr'><strong><em>ήδὲ</em></strong></span> <span class='ocrx_word' id='word_1_182' title='bbox 640 2955 774 3037; x_wconf 83' lang='grc' dir='ltr'><strong><em>νομῆας.</em></strong></span> 
     </span>
    </p>

    <p class='ocr_par' dir='ltr' id='par_1_13' title="bbox 81 3034 857 3146">
     <span class='ocr_line' id='line_1_28' title="bbox 81 3034 857 3146; baseline 0.022 -40"><span class='ocrx_word' id='word_1_183' title='bbox 81 3038 129 3103; x_wconf 78' lang='grc' dir='ltr'><strong><em>καὶ</em></strong></span> <span class='ocrx_word' id='word_1_184' title='bbox 142 3034 200 3124; x_wconf 77' lang='grc' dir='ltr'><strong><em>γάρ</em></strong></span> <span class='ocrx_word' id='word_1_185' title='bbox 212 3046 252 3130; x_wconf 76' lang='grc' dir='ltr'><strong><em>τῷ</em></strong></span> <span class='ocrx_word' id='word_1_186' title='bbox 267 3054 368 3127; x_wconf 73' lang='grc' dir='ltr'><strong><em>χρεῖος</em></strong></span> <span class='ocrx_word' id='word_1_187' title='bbox 383 3039 449 3128; x_wconf 81' lang='grc' dir='ltr'><strong><em>μέγ’</em></strong></span> <span class='ocrx_word' id='word_1_188' title='bbox 468 3041 604 3128; x_wconf 87' lang='grc' dir='ltr'><strong><em>ἀφείλετ’</em></strong></span> <span class='ocrx_word' id='word_1_189' title='bbox 622 3049 659 3115; x_wconf 94' lang='grc' dir='ltr'><strong><em>ἐν</em></strong></span> <span class='ocrx_word' id='word_1_190' title='bbox 665 3046 778 3120; x_wconf 81' lang='grc' dir='ltr'><strong><em>Ἤλιδι</em></strong></span> <span class='ocrx_word' id='word_1_191' title='bbox 792 3058 857 3146; x_wconf 87' lang='grc' dir='ltr'><strong><em>δίη,</em></strong></span> 
     </span>
    </p>

    <p class='ocr_par' dir='ltr' id='par_1_14' title="bbox 81 3133 846 3244">
     <span class='ocr_line' id='line_1_29' title="bbox 81 3133 846 3244; baseline 0.026 -45"><span class='ocrx_word' id='word_1_192' title='bbox 81 3134 218 3220; x_wconf 80' lang='grc' dir='ltr'><strong><em>τέσσαρες</em></strong></span> <span class='ocrx_word' id='word_1_193' title='bbox 226 3133 410 3225; x_wconf 62' lang='grc' dir='ltr'><strong><em>,ἀθλοφόροι</em></strong></span> <span class='ocrx_word' id='word_1_194' title='bbox 424 3145 517 3210; x_wconf 81' lang='grc' dir='ltr'><strong><em>ἵπποι</em></strong></span> <span class='ocrx_word' id='word_1_195' title='bbox 532 3141 683 3216; x_wconf 83' lang='grc' dir='ltr'><strong><em>αύτοϊσιν</em></strong></span> <span class='ocrx_word' id='word_1_196' title='bbox 697 3147 846 3244; x_wconf 81' lang='grc' dir='ltr'><strong><em>ὄχεσφιν,</em></strong></span> 
     </span>
    </p>

    <p class='ocr_par' dir='ltr' id='par_1_15' title="bbox 81 3228 1000 3538">
     <span class='ocr_line' id='line_1_30' title="bbox 82 3228 1000 3344; baseline 0.029 -47"><span class='ocrx_word' id='word_1_197' title='bbox 82 3228 220 3312; x_wconf 85' lang='grc' dir='ltr'><strong><em>ἐλθόντες</em></strong></span> <span class='ocrx_word' id='word_1_198' title='bbox 233 3231 288 3320; x_wconf 85' lang='grc' dir='ltr'><strong><em>μετ’</em></strong></span> <span class='ocrx_word' id='word_1_199' title='bbox 308 3237 421 3307; x_wconf 75' lang='grc' dir='ltr'><strong><em>ἄεθλα.</em></strong></span> <span class='ocrx_word' id='word_1_200' title='bbox 453 3244 528 3328; x_wconf 79' lang='grc' dir='ltr'><strong><em>περὶ</em></strong></span> <span class='ocrx_word' id='word_1_201' title='bbox 542 3250 698 3332; x_wconf 83' lang='grc' dir='ltr'><strong><em>τρίποδος</em></strong></span> <span class='ocrx_word' id='word_1_202' title='bbox 711 3249 777 3340; x_wconf 81' lang='grc' dir='ltr'><strong><em>γάρ</em></strong></span> <span class='ocrx_word' id='word_1_203' title='bbox 793 3260 932 3344; x_wconf 75' lang='grc' dir='ltr'><strong><em>ἔμελλον</em></strong></span> <span class='ocrx_word' id='word_1_204' title='bbox 947 3277 1000 3334; x_wconf 73' lang='grc' dir='ltr'><strong><em>τοο</em></strong></span> 
     </span>
     <span class='ocr_line' id='line_1_31' title="bbox 81 3327 907 3445; baseline 0.033 -51"><span class='ocrx_word' id='word_1_205' title='bbox 81 3327 260 3400; x_wconf 82' lang='grc' dir='ltr'><strong><em>θεύσεσθαι·</em></strong></span> <span class='ocrx_word' id='word_1_206' title='bbox 274 3336 349 3416; x_wconf 79' lang='grc' dir='ltr'><strong><em>τούς</em></strong></span> <span class='ocrx_word' id='word_1_207' title='bbox 363 3335 393 3405; x_wconf 87' lang='grc' dir='ltr'><strong><em>δ’</em></strong></span> <span class='ocrx_word' id='word_1_208' title='bbox 411 3333 494 3409; x_wconf 86' lang='grc' dir='ltr'><strong><em>αύθι</em></strong></span> <span class='ocrx_word' id='word_1_209' title='bbox 512 3341 595 3427; x_wconf 78' lang='grc' dir='ltr'><strong><em>ἀναξ</em></strong></span> <span class='ocrx_word' id='word_1_210' title='bbox 611 3343 747 3436; x_wconf 76' lang='grc' dir='ltr'><strong><em>ἀνδροῖν</em></strong></span> <span class='ocrx_word' id='word_1_211' title='bbox 761 3351 907 3445; x_wconf 61' lang='grc' dir='ltr'><strong><em>Αὐγείας</em></strong></span> 
     </span>
     <span class='ocr_line' id='line_1_32' title="bbox 82 3427 940 3538; baseline 0.029 -44"><span class='ocrx_word' id='word_1_212' title='bbox 82 3427 217 3516; x_wconf 85' lang='grc' dir='ltr'><strong><em>κάσχεθε,</em></strong></span> <span class='ocrx_word' id='word_1_213' title='bbox 231 3459 285 3502; x_wconf 90' lang='grc' dir='ltr'><strong><em>τον</em></strong></span> <span class='ocrx_word' id='word_1_214' title='bbox 300 3433 329 3504; x_wconf 88' lang='grc' dir='ltr'><strong><em>δ’</em></strong></span> <span class='ocrx_word' id='word_1_215' title='bbox 347 3437 470 3530; x_wconf 76' lang='grc' dir='ltr'><strong><em>ἐλατῆρ’</em></strong></span> <span class='ocrx_word' id='word_1_216' title='bbox 489 3439 579 3530; x_wconf 89' lang='grc' dir='ltr'><strong><em>ἀφίει</em></strong></span> <span class='ocrx_word' id='word_1_217' title='bbox 595 3444 805 3538; x_wconf 77' lang='grc' dir='ltr'><strong><em>ἀκαχήμενον</em></strong></span> <span class='ocrx_word' id='word_1_218' title='bbox 820 3461 940 3536; x_wconf 62' lang='lat' dir='ltr'><strong><em>Yam,</em></strong></span> 
     </span>
    </p>
   </div>
   <div class='ocr_carea' id='block_1_5' title="bbox 0 0 1223 3920">
    <p class='ocr_par' dir='ltr' id='par_1_16' title="bbox 0 0 1223 3920">
     <span class='ocr_line' id='line_1_33' title="bbox 0 0 1223 3920; baseline 0 0"><span class='ocrx_word' id='word_1_219' title='bbox 0 0 1223 3920; x_wconf 95' lang='lat' dir='ltr'><strong><em> </em></strong></span> 
     </span>
    </p>
   </div>
  </div>
 </body>
</html>
