2412 3918
187 249 244 314 150
530 255 752 314 ΙΛΙΑΔΟΣ
779 258 812 316 Θ,

180 416 320 500 τάφρου
335 411 361 482 τ’
378 415 527 494 ἐξελάσαι
543 415 599 481 καὶ
614 416 803 502 ἐναντίβιον
818 408 1037 505 μαχέσασθαι,
1098 437 1150 488 25⁵

179 509 263 582 ἀλλὰ
287 513 375 583 πολύ
391 521 521 598 πρῶτος
539 511 666 599 Τρύων
680 517 755 582 έλεν
772 515 880 606 ἄνδρα
896 517 1078 608 κορυστὴν,

180 618 424 702 Φραδμονίδην
431 612 594 700 Ἀγέλαον.
613 611 631 680 ὁ
643 614 706 701 μέν
717 615 841 703 φύγαδ’
853 621 997 705 ἔτραπεν
1007 622 1148 698 ίππονς·

180 722 227 804 τῷ
249 715 284 784 δέ
300 718 581 802 μεταστρεφθέντι
596 718 791 805 μεταφρένῳ
808 718 846 784 έν
863 716 949 802 δόρυ
964 723 1069 804 πῆξεν

180 811 230 901 όέγ
240 841 288 882 ων
302 812 479 902 μεσσηγύς,
496 813 550 883 διὰ
567 813 602 883 δὲ
618 814 806 902 στήθεσφιν
821 821 969 886 ἔλασσεν.

182 911 283 1000 ἤριπε
300 912 333 982 δ’
349 917 383 995 ἐξ
399 911 515 1002 ὀχέων,
531 911 679 1002 ἀράβησε
699 915 735 981 δὲ
750 913 853 1000 τεύχε’
870 913 919 984 ἐπ’
935 913 1039 1005 αύτῷ.
1094 930 1148 986 260

228 1011 298 1082 Τόν
314 1013 349 1082 δέ
364 1010 431 1100 μετ’
446 1011 615 1098 Ἀτρεῖδαι,
629 1011 844 1101 Ἀγαμέμνων
859 1016 915 1083 καὶ
930 1019 1120 1100 Μενέλαος,

182 1126 268 1184 τοῖσι
285 1113 316 1183 δ’
335 1110 383 1183 έπ’
397 1123 548 1202 Αίαντες,
565 1117 692 1199 θοῦριν
705 1117 885 1202 ἐπιειμένοι
901 1111 1019 1202 ἄλκην,

181 1227 268 1282 τοίοι
287 1211 317 1282 δ’
339 1210 388 1282 ἐπ’
403 1211 588 1300 Ἰδομενεύς
605 1213 661 1281 καί
681 1209 798 1281 ὀπάων
812 1212 1010 1302 Ἰδομενῆος,

188 1312 375 1401 Μηριόνης,
395 1309 579 1392 ἀτάλαντος
595 1309 753 1402 Ἐνυαλίῳ
774 1309 1011 1402 άνδρειφύντη,

181 1428 266 1483 τοῖσι
285 1412 319 1482 δ’
338 1409 386 1482 ἐπ’
403 1411 617 1497 Εὐρύπυλος,
636 1408 827 1499 Εὐαίμονος
846 1410 969 1498 άγλαός
988 1412 1070 1491 υἱός.
1091 1427 1146 1481 266

185 1521 333 1600 Τεῦκρος
353 1511 383 1580 δ’
406 1522 533 1592 είνατος
551 1505 654 1600 ἦλθε,
675 1518 858 1581 παλίντονα
876 1511 956 1592 τόξα
974 1518 1145 1600 τιταίνων,

180 1711 250 1781 ἐνθ’
271 1722 355 1792 Αίας
373 1713 435 1798 μὲν
453 1707 656 1798 ὑπεξέφερεν
675 1711 792 1790 σάκος·
812 1708 919 1792 αύτάρ
939 1706 989 1795 ὅγ’
1009 1705 1102 1795 ἥρως

180 1811 361 1899 παπτήνας,
383 1811 452 1880 ἐπεί
470 1808 514 1894 άρ
534 1808 593 1878 τιν’
614 1808 785 1890 ὀιστεύσας
804 1812 841 1880 έν
860 1808 963 1899 ὁμίλῳ

179 1908 347 1998 βεβλήκοι,
369 1905 386 1978 ὁ
406 1908 467 1997 μέν
486 1903 569 1977 αὖθι
588 1908 701 1979 πεσόν
719 1908 784 1978 άπὸ
796 1907 913 1998 θυμὸν
924 1909 1075 1994 όλεσκεν,
1089 1923 1143 1980 m

179 2006 285 2094 αὐτὰρ
305 2006 323 2076 ὁ
344 2002 438 2089 αύτις
456 2006 527 2096 ίύυ,
548 2023 626 2090 παῖς
645 2007 689 2089 δὶς
707 2007 773 2078 ὑπὸ
794 2013 928 2096 μητέρα,
949 2008 1079 2078 δύσκεν

132 2119 135 2124 ’
179 2113 225 2187 είς
242 2107 380 2177 Αίανθ’·
398 2107 416 2177 ὁ
437 2113 476 2177 δέ
491 2135 550 2195 μιν
569 2107 665 2176 σάκεϊ
680 2108 873 2194 κρύπτασκε
894 2113 1031 2194 φαεινῷ.

223 2208 331 2276 Ἔνθα
350 2213 425 2276 τίνα
444 2216 578 2292 πρῶτον
597 2207 724 2290 Τριόων
742 2207 796 2274 ἕλε
810 2214 958 2293 Τεῦκρος
977 2204 1144 2298 ἀμύμονας
1201 2255 1202 2269 ,

174 2303 364 2392 Ὀρσίλοχον
382 2305 445 2391 μέν
462 2314 577 2392 πρῶτα
595 2309 651 2374 καὶ
662 2304 827 2391 Ὄρμενον
845 2302 901 2393 ἡδ’
921 2303 1122 2392 Ὀφελέστην
1200 2327 1201 2353 ¹

174 2404 327 2487 Δαίτορά
345 2430 381 2471 τε
391 2409 541 2491 Χρομίον
555 2431 590 2472 τε
605 2407 661 2473 καί
672 2403 834 2474 ἀντίθεον
844 2406 1076 2492 Λυκοφόντην
1088 2420 1145 2474 27⁵

174 2507 232 2573 καὶ
251 2508 523 2592 Πολυαιμονίδην
538 2503 727 2592 Ἀμοπάονα
745 2507 801 2572 καί
819 2504 1057 2572 Μελάνιππον.
1197 2553 1198 2599 η

174 2604 316 2691 λπάντας
334 2605 579 2687 ἐπασσυτέρους
597 2607 718 2672 πέλασε
736 2604 836 2692 χθονὶ
851 2608 1124 2692 πουλυβοτείρῃ]
1196 2631 1197 2682 γ

175 2703 237 2772 τὸν
257 2705 291 2797 δέ
311 2701 395 2772 ίδάν
412 2705 566 2792 γήθησεν
584 2703 668 2785 άυαξ
688 2703 828 2789 ἀνδρῶν·
837 2702 1065 2790 Ἀγαμέμνων,

175 2805 275 2885 τόξου
294 2803 360 2872 άπο
381 2811 545 2890 κρατεροῦ
560 2803 687 2891 Τρύων
706 2801 864 2872 ὀλέκοντα
877 2802 1075 2887 φάλαγγας·
1087 2817 1145 2872 279

175 2910 237 2989 στῆ
258 2903 293 2972 δέ
312 2901 392 2986 παρ’
412 2899 519 2972 αύτόν
538 2901 600 2972 ίύν
618 2912 676 2971 καί
692 2930 750 2989 μιν
768 2901 854 2986 πρὸς
873 2908 989 2989 μῦθον
1010 2906 1126 2970 ἔειπεν

215 3008 378 3089 ,,Τεύκρε,
400 3008 479 3088 φίλη
499 2999 640 3089 κεφαλὴ,
654 3002 854 3088 Τελαμύυιε,
874 3005 1012 3081 κοίρανε
1032 3007 1142 3085 λαῶν,

177 3097 269 3187 βάλλ’
291 3098 407 3186 οὕτως,
428 3111 466 3170 αί
481 3105 540 3169 κέν
557 3129 589 3170 τι
608 3102 702 3188 φόως
720 3112 885 3170 Δαναοῖσι
903 3102 1021 3188 γένηαι
1039 3163 1046 3172 .

175 3204 279 3280 πατρί
293 3224 328 3265 τε
348 3207 397 3288 σῳ
419 3205 600 3290 Τελαμῶνι,
622 3200 642 3271 ὅ
662 3199 690 3269 ο)
710 3207 827 3288 ἔτρεφε
846 3200 982 3270 τυτθὸν·
996 3199 1099 3269 ἐόντα

175 3303 233 3367 καί
249 3320 286 3367 σε
305 3299 414 3368 νόθον
433 3326 495 3386 περ
515 3302 613 3371 ἐόντα
631 3307 811 3389 κομίσσατο
832 3292 859 3390 β
878 3302 928 3370 ένί
947 3309 1045 3388 ολκῳ·

176 3398 236 3466 τὸν
254 3401 309 3465 καὶ
327 3398 438 3484 τηλόθ’
460 3401 557 3469 έόντα
576 3406 725 3489 ἐϋκλείης
743 3405 911 3489 ἐπίβησον.
1086 3415 1143 3470 20⁵

165 3496 230 3582 σοί
250 3492 281 3562 δ’
303 3495 367 3583 έγώ
387 3502 502 3578 ἐξερέω
523 3498 567 3579 όις
586 3503 640 3570 καί
659 3503 894 3581 τετελεσμένον
913 3507 1018 3570 ἔσται·
1076 3545 1078 3550 ·
