2406 3920
225 247 288 314 τοι
561 250 780 310 τΛτκκοε
806 253 847 311 ιι.
968 229 969 239 '

269 409 337 482 Τόν
353 408 385 480 δ’
398 403 467 480 αὖτ’
481 405 674 496 Ἰδομενεὺς,
691 415 833 494 Κρητῶν
848 407 939 496 α’χὸς,
957 407 1073 480 άντίον
1086 409 1151 498 ηάδο

223 513 344 598 ,νηυσί
363 509 425 597 μέν
442 513 480 578 ἐν
498 511 658 596 μέσσῃσιν
676 504 819 594 άμάνειν
838 511 900 578 είσδ
918 511 974 579 καὶ
993 507 1096 596 ἄλλοι,

222 615 362 689 Αἴαντές
380 635 415 680 τε
434 608 504 676 δύω
527 605 673 693 Τεῦκρός
691 603 736 692 θ’,
757 603 795 685 ὃς
813 604 947 692 άριστος
960 604 1096 694 Ἀχαιῶν

222 707 400 796 τοξοσύνῃ,
415 704 543 794 άμαθός
562 705 597 774 δέ
616 705 671 774 καί
690 706 727 774 ἐν
746 710 862 794 σταδίῃ
881 701 1022 795 ὑσμίνῃ·

222 811 256 874 οἵ
271 834 330 894 μιν
348 805 434 894 άδην
452 807 571 874 ἐλόωσι
590 807 645 872 καὶ
664 803 848 890 ἐσσύμενον
866 805 1035 892 πολέμοιο,
1114 819 1152 872 315

214 904 353 992 Ἕκτορα
370 909 569 992 Πριαμίδην,
589 907 643 972 καί
662 908 691 970 εἰ
704 904 796 990 μάλα
815 901 975 990 καρτερός
994 906 1090 972 ἐστιν.

221 1004 301 1072 αἰπύ
321 1007 356 1072 ολ
369 1007 519 1088 ἐσσεῖται,
539 1003 627 1089 μάλα
646 1026 708 1090 περ
727 1009 873 1089 μεμαῶτι
891 1001 1066 1088 μάχεσθαι,

220 1109 341 1170 κείνων
359 1103 532 1189 νικήσαντι
550 1103 648 1188 μένος
665 1102 721 1170 καὶ
739 1114 848 1186 χεῖρας
867 1097 1015 1188 άάπτονς

219 1207 303 1287 νῆας
316 1205 499 1286 ἐνιπρῆσαι,
520 1198 575 1268 ὅτε
594 1197 637 1286 μή
654 1198 754 1277 αὐτός
772 1225 809 1286 χε
828 1206 986 1286 Κρονίων

219 1297 356 1386 ἐμβάλοι
378 1299 561 1384 αίθόμενον
580 1294 684 1366 δαλὸν
703 1297 819 1384 νήεσσι
836 1305 971 1386 θοῇσιν.
1104 1309 1152 1363 ’διο

219 1395 316 1483 άνδρδ
336 1399 374 1464 δέ
390 1395 416 1465 κ’
436 1395 498 1465 οὐκ
519 1403 612 1478 είξειε
630 1398 730 1483 μέμας
752 1395 961 1482 Τελαμώνιος
979 1402 1073 1480 Αἶας,

219 1493 254 1575 ὃς
272 1495 397 1584 θνητός
415 1493 439 1564 τ’
462 1507 510 1583 εδη
530 1497 585 1564 καὶ
605 1499 673 1564 ἐδοι
691 1495 885 1582 Δημήτερος
904 1489 1021 1579 άκτήν,

219 1601 326 1684 χαλκῷ
346 1621 381 1662 τε
400 1593 518 1680 ῥηκτὸς
537 1593 710 1681 μεγάλοισί
722 1620 757 1661 τε
775 1597 1010 1680 χερμαδίοισιν.

220 1690 293 1760 οὐδ’
313 1688 356 1760 ἄν
372 1692 514 1780 Ἀχιλλήι
531 1693 688 1780 ῥηξήνορι
705 1694 885 1780 χωρήσειεν

217 1797 254 1859 έν
272 1789 300 1876 χ’
320 1787 532 1878 αὐτοσταδίῃ·
553 1795 630 1860 ποσὶ
650 1789 681 1860 δ’
702 1791 814 1872 οὔπως
833 1797 922 1859 ἔστιν
940 1793 1067 1876 ἐρίζειν.
1109 1801 1150 1854 διε

216 1897 299 1957 νῶιν
318 1885 350 1957 δ’
364 1881 429 1958 τόδ’
446 1885 498 1957 ἐπ’
519 1888 658 1978 ἀριστέρ’
679 1895 729 1978 ἐχε
749 1897 902 1978 στρατοῦ,
919 1887 1015 2009 βφρα
1033 1887 1150 1972 τάχιστα

216 1986 387 2074 είδομεν’
366 1991 406 2075 ηέ
421 2014 467 2078 τω
487 1979 582 2074 εὖχος
601 1987 768 2076 ὀρέξομεν,
788 1987 828 2077 ήί
844 2015 893 2068 τις
911 1985 1000 2074 ἡμῖν.
1003 1993 1025 2030 “

260 2082 321 2166 Ὣς
341 2086 437 2171 φάτο,
457 2085 635 2173 Μηριόνης
654 2089 690 2156 δὲ
708 2095 783 2178 δοῶ
803 2086 986 2168 άτάλαντος
999 2085 1094 2170 ’Ἄρηι

216 2178 277 2272 ήρχ
273 2182 416 2271 ’ἐμεν,”
396 2211 462 2270 οφρ
462 2182 643 2269 ’ἀφίκοντο
655 2183 738 2254 κατά
751 2183 903 2270 στρατὸν,
921 2175 945 2272 ή
960 2210 1018 2269 μιν
1035 2179 1150 2266 άνῶχει

258 2288 301 2350 Ol
318 2282 350 2350 δ’
367 2282 411 2360 ὡς
427 2281 594 2370 Ἰδομενηα
614 2289 688 2354 ίδον
707 2287 806 2372 φλοχδ
826 2293 956 2354 εἴκελον
974 2279 1151 2369 άλκήν,330

215 2379 318 2450 αὐτόν
336 2383 391 2450 καὶ
409 2382 612 2469 θεράποντα,
633 2384 698 2452 σὺν
717 2390 824 2452 ἔντεσι
843 2373 1075 2468 δαιδαλέοισιν,

215 2480 408 2567 κεκλόμενοι
423 2479 499 2548 καθ’
516 2481 633 2568 ὅμιλον
652 2485 699 2550 ἐπ’
720 2482 810 2574 αὐτῷ
831 2483 952 2560 πάντες
972 2487 1101 2568 έβησαν.

213 2585 282 2647 τῶν
301 2577 332 2648 δ’
353 2577 438 2668 ὁμὸν
455 2585 566 2648 ἵστατο
587 2595 694 2661 νεῖκος
713 2584 765 2652 ἐπὶ
784 2581 955 2668 πρύμνῃσι
974 2581 1110 2645 νέεσσιν.

214 2674 257 2757 ῶς
277 2677 308 2744 δ’
329 2676 381 2746 ὅθ’
401 2675 466 2746 ὑπὸ
488 2683 607 2764 λιηιέων
626 2675 758 2767 ἀνέμων
778 2681 964 2763 σπέρχωσιν
982 2673 1095 2744 ἄελλαι

212 2775 310 2864 ἤματι
327 2784 373 2866 τῷ
393 2777 447 2846 ὅτε
466 2805 500 2846 τε
518 2785 652 2865 πλείστη
672 2779 766 2857 κόνις
784 2776 870 2863 άμφδ
888 2773 1080 2858 κελεύθους,
1106 2785 1149 2838 λλο

212 2874 268 2943 οἵτ’
288 2874 406 2963 άμνδις
424 2883 537 2963 κονίης
556 2877 704 2964 μεγάλην
723 2883 853 2944 [στάσιν
871 2872 1022 2961 όμίχλην,

114 2969 116 2974 ’
212 2971 256 3052 ῶς
274 2975 339 3058 άρα
354 2983 422 3043 τῶν
442 2974 534 3062 ὁμόσ’
551 2969 636 3062 ήλθε
655 2977 752 3062 μάχη,
771 2977 921 3062 μέμασαν
941 2969 974 3038 δ’
995 2972 1045 3038 ἐνδ
1062 2973 1148 3054 θυμῷ

212 3071 375 3159 ἀλλήλους
393 3072 469 3142 καθ’
489 3073 606 3160 ὅμιλον
625 3077 797 3162 ἐναιρέμεν
817 3072 884 3153 ὀξέι·
901 3075 1024 3160 χαλκῶ.

211 3176 343 3256 ἔφριξεν
363 3174 398 3240 δὲ
416 3172 501 3258 μάχη
521 3180 762 3261 φθισίμβροτος
781 3176 945 3260 ἐγχείῃσιν

210 3277 345 3358 μακρῇς,
365 3297 404 3348 ας
423 3267 511 3355 εἶχον
529 3279 760 3390 ταμεσίχροας·
781 3269 910 3341 ὅσσεδ’
935 3268 1077 3358 άμερδεν
1106 3280 1149 3334 ³4⁰

210 3363 294 3453 αὐγη
314 3375 446 3455 χαλκείη
465 3369 668 3457 κοράθων”
645 3396 711 3440 απο
731 3370 978 3460 λαμπομενάων

212 3464 377 3552 θωρήκων
393 3493 428 3532 τε
447 3471 660 3556 νεοσμήκτων
677 3477 805 3543 σακέων
824 3499 859 3540 τε
878 3479 1034 3561 φαεινῶν
