2470 3926
380 227 601 285 ίΛΙΑΔΟΣ
617 226 716 282 XXIV.
964 225 1026 290 489

70 383 127 466 τάς
140 383 259 466 Ἰδαῖος
272 391 391 454 έλαυνε
407 388 575 469 δαΐφρων·
593 380 701 472 αάτάρ
718 383 861 454 ὄπισθεν
974 403 1026 457 ³25

67 487 174 572 ἵπποι,
191 481 270 564 τούς
286 480 304 552 ὁ
321 484 429 570 γέρων
445 482 579 568 ἐφέπων
594 481 727 568 μάστιγι
742 485 878 552 κέλευεν

68 575 284 668 καρπαλίμως
298 577 381 649 κατά
397 578 496 648 ἀστν·
515 585 606 665 φίλοι
626 578 658 648 δ’
675 579 744 668 ἀμα
760 581 880 662 πάντες
895 583 1014 652 έπουτο

68 679 160 750 πόλλ’
179 679 426 768 ὀλοφυρόμενοι
443 675 520 747 ἀσελ
536 678 728 748 θάνατόνδε
744 681 869 750 κιόντα.

68 785 103 850 οί
118 778 149 848 δ’
168 782 237 849 ἐπεὶ
253 771 317 848 οὖν
333 778 447 859 πόλιος
462 781 616 866 κατέβαν,
634 777 797 848 πεδίονδ’
814 777 986 868 ἀφίκοντο,

67 884 103 948 οί
116 881 178 966 μὲν
197 877 247 968 ἀρ’
264 877 408 967 ἄψορροι
423 875 631 965 προτέἼλιον
647 875 839 964 ἀπονέοντο,
974 894 1026 952 330

68 982 184 1058 παῖδες
199 979 254 1046 καὶ
269 977 422 1064 γαμβροί,
436 972 482 1043 τιό
501 972 532 1043 δ’
551 974 593 1044 οὐ
609 975 718 1046 λάθον
735 975 886 1064 εὐρύοπα
901 987 972 1066 Ζῆν

67 1080 103 1156 ἐς
120 1080 235 1144 πεδίον
252 1075 476 1161 προφανέντε·
495 1071 577 1143 ίδάν
594 1072 626 1143 δ’
644 1078 755 1163 ἐλέησε
771 1079 920 1165 γέροντα.

67 1173 149 1258 αίιγα
167 1173 199 1242 δ’
218 1171 264 1263 ἀρ’
277 1171 440 1260 Ἑρμείαν,
456 1173 533 1242 υίόν
548 1179 659 1261 φίλον,
676 1173 790 1245 ἀντίον
805 1173 893 1262 ηόδα

110 1270 275 1361 ,Ἑρμεία
294 1275 347 1342 σολ
361 1273 426 1361 γάρ
442 1298 477 1340 τε
493 1272 634 1358 μάλιστά
648 1299 686 1360 γε
704 1276 863 1361 φίλτατόν
878 1277 966 1344 ἐστιν

67 1371 168 1460 ἀνδρὶ
183 1373 373 1460 ἑταιρίσσαι,
389 1377 449 1440 καί
460 1369 486 1440 τ’
504 1377 618 1453 έκλυες
634 1365 662 1464 φτ
678 1371 706 1442 κ’
722 1377 906 1464 ἐθέλησθα·
975 1391 1025 1445 335

66 1468 163 1560 βάσκ’
180 1481 242 1558 ίθι,
259 1471 314 1539 καί
330 1475 483 1558 Πρίαμον
498 1476 611 1551 κοίλας
626 1473 676 1540 ἐπὶ
693 1479 775 1559 νήας
788 1471 924 1559 Ἀχαισῖν

67 1567 113 1650 ἀς
128 1566 234 1656 ἄγαγ’,
251 1565 295 1648 ὡς
309 1567 380 1656 μήτ’
399 1568 441 1651 ἀρ
457 1595 506 1648 τις
521 1574 575 1658 ίδη
591 1566 662 1656 μήτ’
680 1568 723 1656 ἀρ
739 1596 775 1638 τε
791 1571 895 1659 νοήση

67 1675 137 1736 τῶν
153 1665 265 1736 ἀλλων
281 1675 438 1755 Δαναῶν,
454 1669 534 1754 πρὶν
547 1667 753 1754 Πηλείυνάδ’
773 1672 936 1738 ίαέσθαι.“
1018 1736 1020 1738 ,

112 1763 175 1848 Ὦς
192 1763 293 1854 ἔφατ’,
311 1765 385 1836 οὐδ’
402 1764 545 1852 ἀπίθησε
562 1767 735 1852 διάκτορος
747 1765 994 1855 Ἀργειφόντης·

68 1864 175 1935 αὐτίκ’
196 1863 300 1934 ἔπειθ’
316 1861 381 1933 ὑπό
399 1867 519 1933 ποσσὶν
534 1865 672 1952 ἐδήσατο
689 1865 775 1934 καλά
791 1867 906 1934 πέδιλα
974 1883 1025 1936 340

67 1963 236 2052 ἀμβρόσια
262 1963 408 2050 χρύσεια,
425 1964 466 2031 τά
482 1991 540 2050 μιν
560 1970 665 2052 φέρον
680 1961 765 2052 ήμέν
784 1963 832 2052 ἐφ’
849 1963 958 2054 ἀγρην

66 2061 125 2150 ἠδ’
144 2059 192 2130 ἐπ’
209 2059 369 2148 ἀπείρονα
384 2075 483 2148 γαῖαν
499 2059 566 2149 ἅμα
583 2069 701 2150 πνοιῇς
716 2060 867 2148 ἀνέμοιο·

67 2167 175 2232 είλετο
191 2163 227 2229 δέ
243 2160 379 2248 ῥάβδον,
399 2158 465 2248 τῆν’
483 2158 617 2248 ἀνδρῶν
633 2159 763 2248 όμματα
778 2164 893 2247 θέλγει

67 2254 121 2330 τόν
136 2262 255 2346 ἐθέλει,
271 2257 351 2339 τοὺς
367 2257 397 2327 δ’
418 2252 498 2328 αάτε
512 2263 566 2328 καὶ
582 2256 776 2339 ὑπνιόοντας
791 2262 923 2347 ἐγείρει·

66 2359 132 2449 τήν
147 2355 229 2446 μετά
245 2361 356 2444 χερσὶν
370 2362 455 2444 έχων
465 2359 578 2426 πέτετο
589 2356 712 2445 κρατός
725 2358 964 2447 Ἀργειφόντης.
975 2371 1026 2427 345

66 2457 152 2540 αίφα
169 2455 199 2524 δ’
218 2455 284 2544 ἀρα
302 2462 425 2544 Τροίην
443 2483 479 2524 τε
493 2463 549 2525 καὶ
560 2455 803 2545 Ἑλλήσποντον
816 2461 940 2545 ίιιανεν,

67 2564 113 2648 βῆ
131 2556 164 2625 δ’
182 2559 266 2624 ίέναι
282 2555 394 2646 κοόρφ
415 2562 634 2643 αίσνμνητήρι
652 2555 777 2642 εὀικάς,

67 2663 206 2743 πρῶτον
220 2653 383 2743 ὑπηνήτη,
398 2663 522 2741 τοῦπερ
541 2654 734 2743 χαριεστάτη
753 2654 828 2742 ήβη.

111 2759 156 2824 Οί
170 2751 202 2822 δ’
220 2756 289 2822 ἐπεὶ
305 2745 369 2821 οὖν
384 2756 467 2840 μέγα
484 2760 571 2841 σήμα
591 2754 691 2838 παρέξ
699 2751 799 2820 Ἴλοιο
814 2755 968 2838 ἐλασσαν,

67 2860 199 2940 στῆσαν
215 2849 263 2939 ἀρ’
278 2849 439 2939 ήμιόνους
454 2878 490 2920 τε
505 2855 561 2922 καὶ
576 2857 708 2939 ἵππους,
725 2849 816 2938 όφρα
833 2857 949 2936 πίοιεν,
977 2865 1028 2919 350

68 2955 109 3022 έν
125 2959 265 3040 ποταμῷ
273 2977 279 2990 ·
298 2948 339 3037 δή
354 2947 420 3037 γάρ
436 2952 492 3020 καὶ
507 2953 560 3020 ἐπὶ
574 2955 700 3037 κνέφας
715 2949 824 3037 ήλνθε
839 2963 945 3036 γαῖαν.

66 3047 132 3119 τόν
147 3047 179 3116 δ’
198 3053 230 3129 έξ
246 3045 438 3136 ἀγχιμόλοιο
456 3049 539 3118 ίδάν
555 3049 743 3136 ἐφράσσατο
758 3051 863 3133 κῆρυξ
898 3091 904 3106 »

65 3146 232 3236 Ἑρμείαν,
250 3149 325 3216 ποτὶ
342 3149 381 3216 δέ·
393 3155 546 3236 Πρίιιμον
562 3148 647 3234 φάτο
663 3146 823 3232 φιόνησέν
838 3170 874 3212 τε

112 3247 276 3336 ,,Φράζεο,
292 3251 502 3335 Δαρδανίδη·
515 3247 659 3334 φραδέος
675 3243 758 3313 νόου
775 3248 854 3328 έργα
869 3245 1020 3310 τέτυκται

67 3344 164 3433 ἄνδρ’
184 3343 283 3432 ὁρόω,
299 3346 381 3432 τάχα
396 3343 429 3414 δ’
447 3345 534 3433 άμμε
552 3350 803 3432 διαρραίσεσθαι
819 3338 888 3410 ὀίω.
980 3354 1030 3410 355

66 3442 143 3514 ἀλλ’
159 3443 220 3528 ἀγε
236 3443 276 3530 δή
294 3443 472 3530 φεύγωμεν
488 3441 537 3530 ἐφ’
555 3449 675 3530 ἳππων,
691 3435 712 3529 ή
729 3467 788 3526 μιν
803 3445 912 3512 ἔπειτα
