2438 3918
192 203 256 268 324
532 196 747 258 ΙΛΙΑΔΟΣ
768 195 809 251 Π.

191 367 224 445 ές
241 361 271 432 δ’
291 363 356 432 ἅλα
373 361 569 450 πορφυρέην
584 353 711 443 μεγάλα
728 354 927 440 στενάχουσι
943 355 1085 438 ῥέουσαι

191 467 224 544 ἐξ
242 462 348 549 ὀρέων
364 465 416 532 ἐπὶ
432 458 506 546 κάρ,
525 453 663 544 μινύθει
685 459 724 524 δέ
736 481 772 522 τε
787 453 853 540 ἔργ’
871 451 1086 536 ἀνθρώπων·

129 619 131 629 .
192 558 237 641 ἀς
251 567 348 630 ἵπποι
367 561 477 645 Τρωσὶ
494 555 621 644 μεγάλα
638 551 836 640 στενάχοντο
852 553 1006 622 θέουσαι.

233 661 425 748 Πάτροκλος
439 655 472 726 δ’
484 658 554 726 ἐπεὶ
565 647 630 722 σύν
640 651 773 740 πρόπας
789 655 946 739 ἐπέκερσε
962 650 1154 737 φάλαγγας,

194 754 239 839 άψ
256 760 309 826 ἐπὶ
322 765 406 844 νῆας
421 762 513 840 ἔεργε
530 752 737 838 παλιμπετὲς,
756 749 836 820 οὐδὲ
854 751 981 837 πόληος
1105 765 1155 819 396

193 867 244 926 εία
260 861 411 943 ἱεμένους
427 854 648 940 ἐπιβαινέμεν,
664 847 749 919 ἀλλά
764 847 892 936 μεσηγύ
1016 923 1019 928 ,

114 975 117 984 “
170 1000 172 1006 ·
196 964 286 1042 νηολν
302 957 357 1024 καὶ
375 959 526 1040 ποταμοῦ
543 954 600 1020 καί
617 955 739 1036 τείχεος
755 946 897 1036 ὑψηλοῖο
993 1007 997 1018 .

195 1069 300 1124 κτεῖνε
316 1059 511 1141 μεταΐσσων,
532 1052 663 1119 πολέων
680 1048 710 1116 δ’
731 1046 909 1116 ἀπετίνυτο
928 1047 1062 1134 ποινήν.

194 1153 264 1222 ἔνθ’
281 1153 354 1240 η’τοι
370 1151 528 1238 Πρόνοον
544 1157 680 1236 πρῶτον
696 1149 779 1234 βάλε
797 1151 894 1232 δουρὶ
916 1153 1058 1234 φαεινῷ,

194 1257 333 1339 στέρνον
349 1254 573 1338 γυμνωθέντα
589 1246 662 1334 παρ’
682 1244 816 1333 ἀσπίδα,
834 1254 916 1315 λύσε
934 1245 971 1314 δδ
987 1259 1086 1330 μυῖα·
1105 1261 1155 1314 400

195 1353 363 1438 δούπησεν
380 1351 417 1420 δὲ
433 1350 554 1418 πεσάν.
586 1345 605 1418 ὁ
624 1347 660 1417 δέ
678 1349 838 1433 Θέστορα,
853 1347 1003 1425 Ἤνοπος
1020 1346 1113 1433 υίόν,

196 1452 353 1536 δεύτερον
371 1446 529 1537 ὁρμηθείς
546 1444 599 1515 -ὁ
616 1448 679 1534 μὲν
697 1444 840 1537 εύξέστςο
858 1447 907 1514 ἐνὶ
924 1450 1034 1535 δίφρῳ

195 1543 275 1637 ἧστο
293 1547 396 1628 ἀλείς·
420 1553 455 1617 ἐκ
472 1547 537 1634 γάρ
553 1549 663 1636 πλήγη
682 1549 825 1634 φρένας,
844 1550 880 1616 ἐκ
898 1545 929 1614 δ’
949 1545 1015 1634 άρα
1031 1553 1152 1631 χειροῖν

194 1646 271 1736 ἡνία
286 1645 453 1734 ἠΐχθησαν
468 1687 488 1700 -
505 1644 524 1716 ὁ
541 1643 573 1713 δ’
590 1652 678 1734 ἔγχεε
691 1647 771 1726 νύξε
788 1645 959 1731 παραστάς

194 1745 350 1832 χναθμόν
362 1744 536 1833 δεξιτερόν,
553 1747 606 1814 διά
624 1744 654 1814 δ’
670 1743 778 1814 αὐτοῦ
794 1759 909 1830 πεῖρεν
926 1743 1092 1830 ὀδόντων,
1103 1759 1151 1816 405

195 1849 270 1914 ἕλκε
287 1847 323 1914 δὲ
342 1843 463 1932 δουρός
481 1843 566 1913 ἑλόν
581 1843 666 1931 ὑπὲρ
683 1847 837 1932 ἄντυγος,
856 1843 901 1926 ὡς
920 1844 976 1914 ὅτε
992 1871 1042 1922 τις
1060 1847 1133 1932 φύς
1206 1867 1207 1925 λ

195 1949 298 2035 πέτρη
315 1951 369 2014 ἔπι
385 1952 547 2034 προβλῆτι
562 1947 754 2033 καθήμενος
771 1945 865 2034 ίερόν
884 1942 988 2032 ίχθύν

196 2047 232 2112 ἐκ
249 2043 385 2112 πόντοιο
399 2042 526 2132 θύραζε
542 2052 624 2135 λίνω
638 2049 694 2114 καὶ
709 2045 813 2132 ἤνοπι
828 2051 955 2136 χαλκῷ·
1205 2039 1206 2109 λ

197 2141 240 2223 ἀς
259 2142 324 2214 ἕλκ’
343 2147 378 2213 ἐκ
396 2151 528 2232 δίφροιο
546 2144 707 2234 κεχηνότα
725 2146 822 2231 δουρί
838 2153 977 2235 φαεινῷ,

196 2241 273 2312 κὰδ’
296 2246 330 2313 δ’
352 2242 409 2331 ἀρ’
434 2247 487 2314 ἐπὶ
514 2242 610 2331 στόμ’
634 2250 730 2312 ἔωσε·
756 2243 900 2314 πεσόντα
927 2249 966 2314 δέ
992 2273 1052 2332 μιν
1078 2252 1151 2315 λίπε
1204 2235 1205 2291 ¹

687 2341 808 2428 θυμός.
959 2377 961 2380 ·
1099 2360 1151 2415 41⁰

199 2439 305 2527 αύτάρ
324 2440 418 2510 ἔπειτ’
434 2441 595 2530 Ἐρύλαον
611 2442 840 2530 ἐπεσσύμενον
855 2443 936 2530 βάλε
954 2449 1064 2535 πέτρῳ
1203 2411 1204 2475 ἀ

199 2543 325 2628 μέσσην
340 2539 406 2610 κάκ
423 2541 590 2631 κεφαλήν·
613 2538 634 2628 ἡ
653 2538 685 2610 δ’
702 2540 822 2629 ἀνδιχα
837 2552 928 2612 πάσα
944 2544 1072 2632 κεάσθη

199 2643 236 2709 έν
250 2639 375 2728 κόρυθι
390 2649 526 2730 βριαρῇ·
548 2639 566 2710 ὁ
585 2638 617 2708 δ’
636 2639 701 2727 άρα
719 2640 850 2730 πρηνὴς
866 2645 919 2712 ἐπὶ
934 2651 1014 2735 γαίη

198 2739 377 2826 κάππεσεν,
395 2738 481 2826 ἀμφὶ
498 2745 537 2808 δέ
551 2767 609 2826 μιν
624 2738 772 2820 θάνατος
788 2738 868 2826 χύτο
885 2743 1120 2830 θυμοραϊστής.
1201 2785 1202 2841 ρ

199 2837 304 2925 αύτάρ
322 2837 417 2910 ἔπειτ’
432 2839 617 2928 Ἐρύμαντα
633 2842 689 2909 καὶ
703 2837 908 2928 Ἀμφοτερὸν
923 2845 979 2909 καί
990 2839 1157 2930 Ἐπάλτην,

203 2939 418 3026 Τληπόλεμόν
432 2966 468 3008 τε
478 2944 737 3027 Δαμαστορίδην
749 2937 857 3026 Ἐχίον
871 2965 907 3007 τε
916 2939 1030 3024 Πύριν
1045 2969 1089 3028 τε,
1096 2955 1147 3009 416
1200 2967 1201 3025 η

202 3137 328 3216 πάντας
344 3139 587 3224 ἐπασσυτέρους
603 3140 723 3206 πέλασε
741 3139 840 3224 χθονὶ
857 3145 1101 3227 πουλυβοτείρῃ.
1199 3127 1200 3209 λ

242 3237 434 3321 Σαρπηδών
451 3234 483 3302 δ’
505 3233 549 3314 ὡς
565 3229 630 3304 ούν
645 3234 692 3304 ἴδ’
711 3233 969 3322 ἀμιτροχίτωνας
985 3237 1127 3321 ἑταίρους
1198 3289 1199 3300 ,

203 3333 289 3418 χέρσ’
311 3333 378 3402 ύπο
394 3333 600 3418 Πατρόκλοιο
621 3334 848 3402 Μενοιτιάδαο
867 3339 1039 3422 δαμέντας,
1093 3347 1146 3402 λνθ
1198 3335 1199 3392 λ

204 3429 324 3497 κέκλετ’
342 3429 384 3516 ἀρ
409 3429 592 3500 ἀντιθέοισι
607 3433 862 3518 καθαπτόμενος
878 3435 1053 3501 Λυκίοισιν
1195 3425 1198 3576 ρ

1182 3597 1197 3848 λ
