2492 3920
461 255 667 306 emulum.
1023 257 1069 306 XV

79 433 197 474 versum
213 415 250 473 iis
266 411 495 472 accommodavi
508 413 675 474 rationibus
686 433 766 494 qnae
782 411 872 474 hodie
887 401 1071 494 spleriaque

80 497 213 557 omnibus
233 496 357 575 probari
379 497 495 572 solent,
513 498 610 558 multa
631 505 733 558 tamen
755 497 813 558 hoc
833 517 955 578 quoque
972 499 1003 558 in
1017 517 1070 577 ge·

77 601 147 640 nere
162 581 305 640 subtilius
325 580 487 640 tractanda
506 589 637 656 restant,
653 601 779 662 quorum
793 589 828 642 ut
846 581 978 662 plurima
993 583 1071 642 levis

79 673 126 723 aut
138 664 254 725 nullius
274 665 419 724 momenti
439 665 517 740 sint,
541 666 603 724 alia
625 673 727 726 nmen
747 686 809 727 non
829 685 930 744 pauca
949 685 1070 726 sensum

77 748 234 808 verbomm
246 749 527 828 sententiarumque
541 749 810 810 conformationem
825 751 972 826 afliciunt,
989 750 1070 830 quod

78 841 211 892 correcta
224 833 348 911 vulgari
357 833 491 892 locorum
503 833 701 912 complurium
714 835 956 914 interpunctione
971 845 1070 896 osten·

77 913 117 975 dit
135 915 278 977 Joannes
299 915 463 977 Classenus
485 919 517 976 in
538 919 789 978 commentatione
812 920 936 997 egregia
958 918 1067 998 („Be·

77 1000 347 1079 obachtnngen
361 999 454 1060 uber
475 999 548 1062 den
562 1001 843 1062 Homerischen
859 1003 1068 1082 Sprachge·

76 1082 266 1163 brauch“)
285 1085 480 1145 Francofurti
496 1083 536 1144 ad
550 1085 695 1146 Moenum
711 1084 794 1146 edita
813 1107 841 1146 a.
866 1083 966 1162 1854,
984 1089 1070 1166 cujus

74 1187 140 1245 pars
154 1167 309 1242 secunda,
326 1171 435 1249 inqua
452 1167 490 1229 de
509 1170 678 1248 participiis
696 1171 796 1248 agitur
812 1170 985 1232 Homericis
1003 1193 1070 1232 cum

74 1251 286 1326 substantivis,
309 1251 471 1330 adjectivis
493 1262 525 1312 et
545 1252 700 1314 adverbiis
720 1254 752 1314 in
773 1275 865 1314 unum
888 1255 1069 1317 vocabulum

12 1339 16 1350 '
76 1337 250 1396 coalescere
265 1337 317 1397 vel
327 1337 397 1414 jurc
411 1337 465 1396 vel
479 1337 592 1414 injuria
607 1336 740 1412 creditis,
758 1339 931 1417 nuperrime
945 1339 1068 1418 prodiit.

73 1420 153 1479 Inter
174 1429 299 1482 veteres
313 1421 525 1499 grammaticos
543 1421 729 1482 Nicanorem
744 1422 961 1484 Seleucensem
974 1424 1068 1501 pluri·

74 1523 147 1563 num
162 1523 279 1582 operae
302 1507 334 1564 in
357 1506 604 1583 interpunctione
625 1504 666 1566 ad
681 1513 780 1566 certas
794 1506 880 1584 leges
894 1507 1069 1568 revocanda

73 1588 206 1662 posuisse
234 1596 367 1649 constat:
397 1590 483 1666 cujus
510 1589 662 1664 doctriua,
685 1609 776 1670 quam
802 1591 868 1670 ipse
890 1591 1068 1652 nouaclum

72 1668 217 1746 Homero,
242 1671 298 1732 sed
326 1673 418 1752 ctiam
441 1671 624 1732 Callimachi
639 1673 821 1734 carminibus
841 1675 1005 1754 applicuit,
1028 1696 1067 1738 ne

74 1756 117 1813 cui
137 1757 238 1814 nimia
252 1756 422 1816 subtilitate
436 1756 577 1816 laborare
592 1756 747 1831 videatur,
767 1757 961 1836 cogitandum
983 1769 1068 1820 vete·

72 1855 130 1910 ras,
145 1859 243 1918 quum
256 1841 406 1918 scriptura
422 1842 565 1900 continua
578 1849 749 1915 uterentur,
764 1841 825 1901 alio
840 1861 930 1921 quam
944 1863 1000 1904 nos
1014 1844 1068 1904 ho·

73 1919 118 1980 die
142 1924 401 2002 interpunctionis
421 1944 534 2002 genere
560 1945 633 2004 opus
658 1925 811 1986 habuisse.
857 1923 999 1988 Ceterum
1028 1948 1067 1988 ne

71 2024 147 2064 nunc
168 2007 298 2086 quidem
323 2008 440 2068 inutilis
464 2018 511 2069 est
534 2008 678 2070 habenda
699 2009 861 2070 Nicanoris
883 2031 992 2091 opere,
1014 2013 1068 2090 qui

71 2088 365 2168 interpunctionibus
379 2093 442 2153 suis
458 2112 580 2154 sensum
596 2101 627 2152 et
643 2101 823 2153 structuram
835 2094 993 2156 verborum
1008 2115 1067 2156 non

71 2191 135 2231 raro
151 2177 267 2253 optime
286 2177 477 2256 explanavit,
496 2175 578 2254 quod
594 2177 731 2255 pluribus
750 2178 914 2256 exemplis,
931 2179 970 2238 ad
987 2196 1067 2258 quae

72 2253 202 2320 editores
219 2280 282 2320 non
298 2259 507 2334 attenderant,
527 2257 692 2321 Classenus
705 2261 846 2323 ostendit.
