2438 3918
406 238 625 324 ιΛιΑκοΣ
649 238 722 294 xv1.
984 225 1044 290 στι

83 396 243 481 έξειαμον
260 397 433 464 πελέκεσσι
450 396 582 484 νεήκεσι
598 395 695 484 νήιον
712 395 810 466 εἶναι·

84 489 130 573 ιδς
147 492 166 563 ὁ
184 493 309 580 πρόσθ’
326 485 440 566 ίππωυ
457 497 513 566 καί
530 499 654 582 δίφρου
671 509 758 564 κεῖτο
775 494 965 580 τανυσθείς,
994 503 1046 561 48⁶

83 593 267 682 βεβρυχοὶς,
285 593 399 676 κόνιος
417 597 638 682 δεδραγμένος
656 597 880 682 αίμιιτοέσσης.

82 692 167 781 η’ότε
183 701 312 781 ταῦρον
329 700 453 779 ἔπεφνε
473 695 560 763 λέων
577 691 717 780 άγέληφι
732 689 916 780 μετελθών,

84 803 221 862 αίθωνα
250 793 462 880 μεγάθυμον,
480 796 518 860 ἐν
535 793 736 862 εἰλιπόδεσσι
752 792 898 881 βόεσσιν,

85 893 191 962 άλετό
209 919 245 962 τε
263 893 433 980 στενάχων
449 889 515 960 ὑπὸ
533 899 725 981 γαμφηλῇσι
738 895 881 978 λέοντος,

86 990 129 1072 δίς
146 988 213 1060 ὑπὸ
231 992 418 1082 Πατρόκλῳ
435 997 572 1062 Λυκίων
587 988 668 1076 άγὸς
683 988 875 1058 ἀσπιστάων
993 1003 1045 1059 490

84 1091 299 1178 κτεινόμενος
315 1093 478 1177 μενέαινε,
496 1096 596 1176 φίλον
614 1086 644 1157 δ’
665 1087 831 1176 ὀνόμηνεν
848 1091 978 1176 ἑταῖρον

125 1241 147 1277 ,,
154 1197 290 1259 Γλαῦκε
308 1191 432 1276 πέπον,
457 1187 638 1278 πολεμιστὰ
655 1187 727 1276 μετ’
746 1185 905 1278 άνδράσι,
922 1195 988 1257 νῦν
1006 1209 1043 1257 σε

584 1287 672 1376 μάλα
688 1287 750 1375 καὶ

84 1389 249 1478 αἰχμητήν
266 1386 293 1456 τ’
310 1393 424 1483 ἔμεναι
441 1389 497 1456 καὶ
513 1391 705 1475 θαρσαλέον
722 1385 936 1474 πολεμιστήν·

86 1499 149 1558 νῦν
165 1516 219 1556 τοι
236 1491 404 1558 ἐελδέσθω
422 1485 565 1574 πόλεμος
582 1485 696 1573 κακὸς,
713 1492 744 1554 εί
757 1487 842 1566 θοός
859 1489 939 1554 έσσι.

84 1597 202 1676 πρωτα
219 1592 283 1674 μέν
300 1585 445 1673 ὄτρυνον
461 1593 599 1657 Λυκίων
614 1583 780 1674 ἡγήτορας
796 1583 931 1672 ἄνδρας,
990 1597 1041 1653 495

83 1687 194 1774 πάντη
213 1685 437 1772 ἐποιχόμενος,
456 1683 679 1774 Σαρπηδόνος
694 1682 958 1772 άμφιμάχεσθαι·

83 1785 193 1874 αὐτὰρ
210 1790 324 1854 ἔπειτα
342 1787 398 1854 καὶ
416 1782 516 1864 αὐτὸς
534 1789 614 1871 ἐμεῦ
629 1787 704 1870 πέρι
720 1783 850 1870 μάρναο
868 1791 987 1876 χαλκῷ.

82 1889 136 1956 σοί
152 1883 221 1972 γάρ
240 1883 304 1970 έγοδ
324 1885 380 1952 καὶ
397 1875 508 1952 έπειτα
524 1889 684 1970 κατηφείη
703 1885 758 1952 καὶ
775 1881 904 1964 όνειδος

80 1991 224 2072 ἔσσομαι
240 1983 350 2074 ήματα
367 1984 475 2052 πάντα
493 1985 678 2072 διαμπερὲς,
696 1991 728 2049 εί
741 1987 781 2050 κέ
795 1979 825 2069 μ’
841 1981 960 2067 Ἀχαιοί

83 2085 203 2171 τεύχεα
219 2083 393 2172 συλήσωσι
411 2092 499 2152 νεῶν
517 2087 554 2152 έν
572 2081 676 2169 άγῶυι
692 2081 845 2150 πεσόντα.
992 2097 1044 2151 500

81 2183 153 2254 αλλ’
172 2191 244 2272 ἔχεο
262 2191 442 2272 κρατεροῖς,
460 2181 580 2271 ότρυνε
598 2185 634 2252 δὲ
650 2181 733 2251 λαδυ
749 2179 913 2250 άπαντα.“

128 2281 191 2366 Ὦς
208 2285 275 2372 άρα
293 2310 352 2371 μιν
370 2281 505 2352 είπόυτα
520 2283 611 2362 τέλος
627 2280 787 2350 θανάτοιο
805 2281 955 2363 κάλυψεν

83 2382 289 2474 ὀφθαλμοὺς
306 2384 402 2472 ῥῖνάς
419 2381 462 2474 θ’.
485 2377 503 2451 ὁ
521 2383 557 2450 δὲ
574 2379 633 2463 λάξ
649 2385 687 2450 έυ
704 2381 842 2470 στήθεσι
857 2389 985 2470 βαίνων

81 2490 119 2556 έκ
139 2481 242 2572 χροός
258 2485 333 2554 έλκε
352 2481 448 2574 δόρυ,
465 2484 563 2578 προτὶ
580 2482 615 2550 δὲ
634 2482 754 2568 φρένες
770 2481 861 2574 αὐτῷ
877 2485 1012 2552 έποντο·

82 2600 153 2656 τοῖο
172 2583 205 2652 δ’
225 2582 302 2674 άμαΙ
313 2583 427 2672 ψυχήν
443 2608 478 2650 τε
495 2585 554 2676 καὶΙ
568 2586 677 2668 ἔγχεος
694 2581 816 2669 ὲξέρυο)
833 2581 962 2671 αίχμήυ.
993 2599 1044 2653 505

84 2683 309 2773 Μυρμιδόνες
326 2681 359 2750 δ’
378 2679 484 2750 αὐτοῦ
503 2683 627 2768 σχέθον
641 2683 764 2774 ἵππους
781 2680 1000 2769 φυσιόωντας,

84 2789 240 2872 ἱεμένους
258 2784 456 2872 φοβέεσθαι,
475 2785 545 2849 ἐπεὶ
555 2785 659 2874 λίπον
676 2775 790 2868 ἅρματ’
809 2779 971 2850 άνάκτων.

124 2882 272 2972 Γλαόκφ
292 2879 325 2950 δ’
344 2881 441 2951 αίνδν
458 2880 537 2968 άχος
552 2883 666 2968 γένετο
684 2887 838 2968 φθογγῆς
855 2880 961 2948 άίουτι

84 2983 218 3073 όρίνθη
237 2985 277 3052 δέ
292 2987 327 3051 οί
341 2976 435 3071 ήτορ,
457 2977 501 3050 ὅτ’
522 2979 564 3050 οὐ
581 2980 704 3050 δύνατο
721 2989 942 3068 προσαμῦναι.

84 3087 168 3170 χειρὶ
186 3082 219 3152 δ’
238 3081 327 3154 ἑλόν
345 3086 448 3163 έπίεζε
465 3087 641 3170 βραχίονα·
663 3091 750 3166 τείρε
767 3079 831 3166 γάρ
849 3076 953 3146 αὐτὸν
994 3095 1044 3147 510

85 3185 191 3270 ἕλκος,
210 3181 230 3252 δ
247 3181 291 3271 δή
308 3209 367 3270 μιν
388 3189 536 3269 Τεῦκρος
552 3177 780 3266 ἐπεσσύμενον
796 3176 899 3264 βάλεν
916 3181 954 3266 ίςό

87 3291 208 3372 τείχεος
224 3279 380 3370 ὑψηλοῖο,
398 3279 485 3368 άρήυ
501 3279 667 3365 ἑτάροισιν
683 3275 830 3363 άμόνων.

88 3381 268 3472 εὐχόμενος
286 3381 319 3452 δ’
340 3382 406 3468 άρα
424 3380 516 3449 εἶπεν
534 3376 682 3466 ἑκηβόλῳ
698 3373 880 3444 Ἀπόλλωνι

127 3491 280 3571 ,,Κλῦθι,
301 3480 396 3566 ἄναξ,
416 3479 454 3560 ὅς
470 3503 537 3547 που
551 3482 678 3560 Λυκίης
695 3475 731 3540 έν
749 3477 840 3540 πίονι
857 3468 951 3558 δήμω
