2442 3922
169 248 230 316 ιον
506 222 729 296 mmm:
747 229 784 286 ιι.

159 407 241 481 ὀὀδ’
262 406 313 494 ἄρ’
328 404 485 488 Ὀδυσσῆι·
498 392 697 486 μεγαλήτορι
714 385 878 475 μόρσιμον
894 373 954 466 ήεν

170 521 313 598 ίφθιμον
329 501 412 582 Διός
429 497 505 568 υἱόν
522 491 712 578 ἀποκτάμεν
728 485 795 568 ὀξέι
810 487 936 578 χαλκῷ·
1072 479 1125 538 675

169 618 215 702 τῷ
233 612 275 694 ῥα
291 600 375 675 κατά
392 597 530 687 πληθὺν
546 599 682 664 Λυκίων
699 587 804 672 τράπε
820 577 935 668 θυμὸν
948 571 1086 660 Ἀθήνη.

172 705 241 780 ἔνθ’
260 705 317 793 ὅγε
335 707 505 788 Κοίρανον
522 692 609 766 εἶλεν
623 685 803 772 Ἀλάστορά
820 710 855 752 τε
872 680 1021 764 Χρομίον
1038 696 1074 736 τε

166 805 372 893 Ἄλκανδρόν
387 801 420 871 θ’
432 799 548 868 ’Ἅλιόν
564 823 598 864 τε
615 785 778 878 Νοήμονά
796 809 831 852 τε
849 777 1022 865 Πρύτανίν
1039 795 1086 836 τε.

173 915 231 977 καί
244 907 288 976 νύ
305 903 332 973 κ’
356 911 403 972 ἔτι
421 904 562 976 πλέονας
577 898 714 966 Λυκίων
731 887 831 956 κτάνε
855 888 924 958 δῖος
936 867 1148 951 Ὀδυσσεὺς,Ι

174 1015 205 1076 εί
221 1005 264 1094 μή
283 1003 332 1090 ἄρ’
352 1000 412 1082 ὀξὺ
429 999 530 1085 νόησε
547 998 647 1083 μέγας
661 991 885 1077 κορυθαίολος
892 979 1031 1056 Ἕκτωρ.
1075 983 1131 1037 680

174 1115 218 1195 βῆ
235 1105 271 1174 δέ
289 1100 342 1172 διὰ
360 1092 541 1187 προμάχων
557 1089 803 1178 κεκορυθμένος
820 1093 938 1152 αίθοπι
954 1077 1077 1163 χαλκῷ,

177 1211 271 1292 δεῖμα
290 1204 403 1290 φέρων
419 1209 598 1282 Δαναοῖσι·
616 1192 699 1279 χάρη
718 1189 749 1256 δ’
768 1185 834 1272 άρα
852 1186 886 1250 οί
901 1172 1077 1262 προσιόντι

177 1298 379 1390 Σαρπηδάν,
397 1296 481 1377 Διὸς
497 1293 580 1382 υίὸς,
596 1298 675 1370 ἔπος
692 1287 722 1358 δ’
748 1277 940 1370 ὀλοφυδνὸν
961 1282 1085 1344 ἔειπεν·

222 1405 421 1491 ,Πριαμίδη
440 1395 484 1484 μή
503 1395 551 1483 δή.
561 1421 601 1481 με
618 1395 702 1477 έλωρ
714 1396 899 1456 Δαναοῖσιν
919 1375 1019 1464 έάσης

177 1514 320 1586 κεῖσθαι,
337 1496 405 1568 ἀλλ’
423 1497 604 1582 ἐπάμυνον.
629 1487 739 1572 ἔπειτά
756 1510 796 1572 με
812 1483 869 1552 καὶ
878 1486 969 1548 λίποι
986 1469 1071 1542 αίων
1083 1487 1135 1540 σεο

178 1610 215 1672 έν
233 1600 325 1669 πόλει
343 1595 500 1684 ὑμετέρῃ,
520 1593 588 1662 ἐπεὶ
606 1587 668 1658 οὐκ
684 1584 735 1672 ἄρ’
755 1591 894 1671 ἔμελλον
911 1584 1015 1664 ἔγωγε

179 1700 342 1788 νοστήσας
360 1696 500 1781 οἶκόνδε,
520 1700 621 1779 φίλην
637 1694 670 1768 ἐς
685 1689 825 1769 πατρίδα
843 1694 953 1769 γαῖαν,

181 1799 380 1886 εὐφρανέειν
397 1793 521 1880 άλοχόν
538 1818 573 1858 τε
589 1796 691 1876 φίλην
707 1787 763 1855 καὶ
778 1783 902 1870 νήπιον
919 1775 1033 1844 νίόν.“

157 1939 159 1945 ·
214 1898 276 1979 Ὣς
287 1899 383 1985 φάτο,
399 1893 459 1964 τόν
470 1892 501 1961 δ’
515 1889 589 1960 οὔτι
600 1889 750 1975 προσέφη
762 1885 988 1968 κορυθαίολος
996 1873 1137 1952 Ἕκτωρ,

182 1997 265 2070 άλλά
283 1997 450 2085 παρήϊξεν,
470 1991 658 2077 λελιημένος
675 1985 764 2072 όφρα
781 1980 914 2068 τάχιστα
1088 1983 1141 2036 690

183 2097 292 2171 ὤσαιτ’
308 2095 484 2182 Ἀργείους,
501 2092 631 2160 πολέων
649 2083 680 2152 δ’
698 2081 764 2152 άπὸ
781 2075 897 2166 θυμὸν
913 2077 1030 2143 ἕλοιτο,

182 2206 217 2270 οί
231 2202 293 2286 μὲν
306 2195 355 2281 ἄρ’
374 2193 532 2262 άντίθεον
548 2183 752 2274 Σαρπηδόνα
769 2187 834 2250 δῖοι
850 2181 973 2262 ἑταῖροι

184 2295 277 2368 εἷσαν
294 2294 347 2364 ὑπ’
366 2291 524 2380 αἰγιόχοιο
535 2286 623 2366 ’Διὸς
639 2286 827 2370 περικαλλέϊ
842 2281 941 2364 φηγῷ
950 2299 956 2312 ·

184 2403 219 2466 ἐκ
237 2396 268 2464 δ’
288 2395 352 2481 άρα
369 2398 404 2462 οί
418 2397 525 2478 μηροῦ
543 2387 626 2473 δόρυ
642 2390 790 2471 μείλινον
808 2371 873 2446 οἶσε
889 2375 1017 2458 θύραζε

185 2507 324 2582 ἴφθιμος
339 2490 510 2575 Πελάγων,
528 2487 565 2567 ὅς
580 2490 613 2554 οἱ
629 2491 726 2571 φίλος
741 2473 802 2567 ήεν
820 2481 956 2564 ἑταῖρος.
1090 2487 1143 2540 69³

185 2594 244 2664 τὰν
261 2592 293 2660 δ’
311 2598 401 2660 ἔλιπε
418 2586 525 2675 ψυχή,
542 2587 624 2656 κατὰ
641 2584 673 2654 δ’
692 2581 881 2669 ὀφθαλμῶν
897 2575 1004 2664 κέχυτ’
1023 2571 1145 2660 άχλός·

185 2688 278 2772 αὖτις
294 2690 326 2760 δ’
345 2689 537 2778 άμπνάνθη,
555 2688 630 2771 περὶ
648 2685 684 2754 δὲ
700 2679 799 2768 πνοιή
814 2680 942 2762 Βορέαο

185 2793 302 2879 ζώγρει
319 2794 531 2860 ἐπιπνείουσα
547 2793 656 2863 κακῶς
672 2782 861 2870 κεκαφηότα
879 2777 1005 2864 θυμόν.
1053 2770 1058 2779 ’

224 2889 363 2976 Ἀργεῖοι
380 2887 412 2957 δ’
430 2885 591 2972 ὑπ”Ἇρηι
606 2881 802 2968 καλἝκτορι
817 2883 1073 2968 χαλκοκορυστῇ

187 2989 263 3059 οὔτε
280 2990 358 3055 ποτὲ
374 2989 596 3072 προτρέποντο
614 2983 802 3070 μελαινάων
819 2984 872 3050 έπλ
888 2987 983 3066 νηῶν
1097 2995 1147 3046 ιοο

187 3087 264 3158 οὔτε
282 3084 350 3154 ποτ’
368 3085 587 3171 ἀπεφέροντο
606 3082 702 3169 μάχη,
726 3078 793 3148 ἀλλ’
811 3081 883 3150 αἰὲν
900 3078 1030 3146 ὀπίσσω

187 3187 330 3276 χάζονθ’,
348 3184 392 3266 ὡς
408 3183 575 3253 ἐπύθοντο
593 3179 673 3269 μετὰ
687 3181 857 3266 Τρώεσσιν
869 3179 988 3264 Ἀρηα.

220 3289 327 3356 Ἔνθα
344 3293 418 3353 τίνα
435 3292 577 3369 πρῶτον,
594 3288 669 3350 τίνα
685 3281 718 3347 δ’
736 3278 882 3346 ὕστατον
898 3275 1097 3362 ἐξενάριξαν

180 3386 306 3470 Ἕκτωρ
321 3411 357 3453 τε
373 3383 536 3470 Πριάμοιο
552 3379 628 3460 πάϊς
644 3381 700 3447 καλ
716 3379 852 3464 χάλκεος
860 3377 979 3463 Ἀρης;
1019 3404 1026 3410 ·

198 3481 346 3553 ’ντίθεον
365 3477 559 3564 Τεύθραντ’,
577 3481 628 3547 ἐπὶ
646 3480 681 3546 δὲ
699 3477 887 3560 πλήξιππον
901 3473 1074 3560 Ὀρέστην,
1096 3489 1149 3544 Ὶσσ
