<?xml version="1.0" encoding="UTF-8"?>
<!DOCTYPE html PUBLIC "-//W3C//DTD XHTML 1.0 Transitional//EN"
    "http://www.w3.org/TR/xhtml1/DTD/xhtml1-transitional.dtd">
<html xmlns="http://www.w3.org/1999/xhtml" xml:lang="en" lang="en">
 <head>
  <title>
</title>
<meta http-equiv="Content-Type" content="text/html;charset=utf-8" />
  <meta name='ocr-system' content='tesseract 3.04.00' />
  <meta name='ocr-capabilities' content='ocr_page ocr_carea ocr_par ocr_line ocrx_word'/>
</head>
<body>
  <div class='ocr_page' id='page_1' title='image "./homericarminaad01baumgoog_0201.png"; bbox 0 0 2412 3918; ppageno 0'>
   <div class='ocr_carea' id='block_1_1' title="bbox 193 233 808 296">
    <p class='ocr_par' dir='ltr' id='par_1_1' title="bbox 193 233 808 296">
     <span class='ocr_line' id='line_1_1' title="bbox 193 233 808 296; baseline -0.015 0"><span class='ocrx_word' id='word_1_1' title='bbox 193 233 253 296; x_wconf 84' lang='grc'><strong><em>156</em></strong></span> <span class='ocrx_word' id='word_1_2' title='bbox 526 233 742 290; x_wconf 82' lang='grc' dir='ltr'><em>ΙΛΙΑΔΟΣ</em></span> <span class='ocrx_word' id='word_1_3' title='bbox 775 233 808 290; x_wconf 84' lang='grc' dir='ltr'><strong><em>Θ,</em></strong></span> 
     </span>
    </p>
   </div>
   <div class='ocr_carea' id='block_1_2' title="bbox 155 378 1194 3544">
    <p class='ocr_par' dir='ltr' id='par_1_2' title="bbox 155 378 1194 3544">
     <span class='ocr_line' id='line_1_2' title="bbox 191 378 936 482; baseline -0.005 -20"><span class='ocrx_word' id='word_1_4' title='bbox 191 392 331 479; x_wconf 84' lang='grc' dir='ltr'><strong><em>αὐτάρό</em></strong></span> <span class='ocrx_word' id='word_1_5' title='bbox 352 401 438 482; x_wconf 79' lang='grc' dir='ltr'><strong><em>ἔγνω</em></strong></span> <span class='ocrx_word' id='word_1_6' title='bbox 456 386 534 482; x_wconf 75' lang='grc' dir='ltr'><strong><em>ᾖσιν</em></strong></span> <span class='ocrx_word' id='word_1_7' title='bbox 548 395 597 462; x_wconf 81' lang='grc' dir='ltr'><strong><em>ένὶ</em></strong></span> <span class='ocrx_word' id='word_1_8' title='bbox 614 391 712 478; x_wconf 81' lang='grc' dir='ltr'><strong><em>φρεσὶ</em></strong></span> <span class='ocrx_word' id='word_1_9' title='bbox 728 378 887 478; x_wconf 77' lang='grc' dir='ltr'><strong><em>φύυησέν</em></strong></span> <span class='ocrx_word' id='word_1_10' title='bbox 897 417 936 461; x_wconf 86' lang='grc' dir='ltr'><strong><em>,τε</em></strong></span> 
     </span>
     <span class='ocr_line' id='line_1_3' title="bbox 232 485 1087 580; baseline -0.007 -20"><span class='ocrx_word' id='word_1_11' title='bbox 232 490 357 580; x_wconf 87' lang='grc' dir='ltr'><strong><em>,,Τίφθ’</em></strong></span> <span class='ocrx_word' id='word_1_12' title='bbox 376 491 463 561; x_wconf 78' lang='grc' dir='ltr'><strong><em>οὕτω</em></strong></span> <span class='ocrx_word' id='word_1_13' title='bbox 480 498 666 578; x_wconf 75' lang='grc' dir='ltr'><strong><em>τετίησθον,</em></strong></span> <span class='ocrx_word' id='word_1_14' title='bbox 685 487 845 576; x_wconf 78' lang='grc' dir='ltr'><strong><em>Ἀθηναίη</em></strong></span> <span class='ocrx_word' id='word_1_15' title='bbox 863 515 899 556; x_wconf 87' lang='grc' dir='ltr'><strong><em>τε</em></strong></span> <span class='ocrx_word' id='word_1_16' title='bbox 916 489 972 557; x_wconf 80' lang='grc' dir='ltr'><strong><em>καὶ</em></strong></span> <span class='ocrx_word' id='word_1_17' title='bbox 984 485 1087 569; x_wconf 75' lang='grc' dir='ltr'><strong><em>Ἥρης</em></strong></span> 
     </span>
     <span class='ocr_line' id='line_1_4' title="bbox 190 587 995 678; baseline -0.002 -19"><span class='ocrx_word' id='word_1_18' title='bbox 190 590 232 660; x_wconf 89' lang='grc' dir='ltr'><strong><em>ού</em></strong></span> <span class='ocrx_word' id='word_1_19' title='bbox 248 593 310 678; x_wconf 87' lang='grc' dir='ltr'><strong><em>μέν</em></strong></span> <span class='ocrx_word' id='word_1_20' title='bbox 325 601 395 677; x_wconf 87' lang='grc' dir='ltr'><strong><em>θην</em></strong></span> <span class='ocrx_word' id='word_1_21' title='bbox 412 594 556 677; x_wconf 83' lang='grc' dir='ltr'><strong><em>καμέτην</em></strong></span> <span class='ocrx_word' id='word_1_22' title='bbox 572 615 610 675; x_wconf 89' lang='grc' dir='ltr'><strong><em>γε</em></strong></span> <span class='ocrx_word' id='word_1_23' title='bbox 626 587 714 675; x_wconf 79' lang='grc' dir='ltr'><strong><em>μάχη</em></strong></span> <span class='ocrx_word' id='word_1_24' title='bbox 731 593 782 656; x_wconf 84' lang='grc' dir='ltr'><strong><em>ένι</em></strong></span> <span class='ocrx_word' id='word_1_25' title='bbox 799 591 995 675; x_wconf 86' lang='grc' dir='ltr'><strong><em>κυδιανείρη</em></strong></span> 
     </span>
     <span class='ocr_line' id='line_1_5' title="bbox 190 684 984 775; baseline -0.005 -17"><span class='ocrx_word' id='word_1_26' title='bbox 190 688 329 759; x_wconf 80' lang='grc' dir='ltr'><strong><em>ὀλλῦσαι</em></strong></span> <span class='ocrx_word' id='word_1_27' title='bbox 351 697 475 775; x_wconf 78' lang='grc' dir='ltr'><strong><em>Τρῶας,</em></strong></span> <span class='ocrx_word' id='word_1_28' title='bbox 493 703 599 758; x_wconf 79' lang='grc' dir='ltr'><strong><em>τοισιν</em></strong></span> <span class='ocrx_word' id='word_1_29' title='bbox 614 688 717 756; x_wconf 89' lang='grc' dir='ltr'><strong><em>κότον</em></strong></span> <span class='ocrx_word' id='word_1_30' title='bbox 734 684 832 756; x_wconf 87' lang='grc' dir='ltr'><strong><em>οιίνὸν</em></strong></span> <span class='ocrx_word' id='word_1_31' title='bbox 849 691 984 756; x_wconf 85' lang='grc' dir='ltr'><strong><em>ἔθεσθε.</em></strong></span> 
     </span>
     <span class='ocr_line' id='line_1_6' title="bbox 190 783 1138 874; baseline -0.007 -19"><span class='ocrx_word' id='word_1_32' title='bbox 190 787 331 874; x_wconf 80' lang='grc' dir='ltr'><strong><em>πάντως,</em></strong></span> <span class='ocrx_word' id='word_1_33' title='bbox 349 783 422 856; x_wconf 85' lang='grc' dir='ltr'><strong><em>οἷον</em></strong></span> <span class='ocrx_word' id='word_1_34' title='bbox 438 787 520 874; x_wconf 87' lang='grc' dir='ltr'><strong><em>έμόν</em></strong></span> <span class='ocrx_word' id='word_1_35' title='bbox 536 813 574 874; x_wconf 89' lang='grc' dir='ltr'><strong><em>γε</em></strong></span> <span class='ocrx_word' id='word_1_36' title='bbox 592 790 691 873; x_wconf 87' lang='grc' dir='ltr'><strong><em>μένος</em></strong></span> <span class='ocrx_word' id='word_1_37' title='bbox 705 788 760 854; x_wconf 79' lang='grc' dir='ltr'><strong><em>καὶ</em></strong></span> <span class='ocrx_word' id='word_1_38' title='bbox 776 799 882 872; x_wconf 78' lang='grc' dir='ltr'><strong><em>χεῖρες</em></strong></span> <span class='ocrx_word' id='word_1_39' title='bbox 898 787 1031 870; x_wconf 86' lang='grc' dir='ltr'><strong><em>ἀαπτοι,</em></strong></span> <span class='ocrx_word' id='word_1_40' title='bbox 1093 799 1138 852; x_wconf 66' lang='grc'><strong><em>450</em></strong></span> 
     </span>
     <span class='ocr_line' id='line_1_7' title="bbox 189 882 1037 973; baseline -0.005 -18"><span class='ocrx_word' id='word_1_41' title='bbox 189 886 253 955; x_wconf 78' lang='grc' dir='ltr'><strong><em>οὐκ</em></strong></span> <span class='ocrx_word' id='word_1_42' title='bbox 270 887 314 955; x_wconf 82' lang='grc' dir='ltr'><strong><em>ἀν</em></strong></span> <span class='ocrx_word' id='word_1_43' title='bbox 330 913 371 973; x_wconf 88' lang='grc' dir='ltr'><strong><em>με</em></strong></span> <span class='ocrx_word' id='word_1_44' title='bbox 386 892 542 971; x_wconf 77' lang='grc' dir='ltr'><strong><em>τρέψειαν</em></strong></span> <span class='ocrx_word' id='word_1_45' title='bbox 559 885 632 954; x_wconf 83' lang='grc' dir='ltr'><strong><em>ὅσοι</em></strong></span> <span class='ocrx_word' id='word_1_46' title='bbox 649 891 728 954; x_wconf 87' lang='grc' dir='ltr'><strong><em>θεοί</em></strong></span> <span class='ocrx_word' id='word_1_47' title='bbox 743 882 802 954; x_wconf 71' lang='grc' dir='ltr'><strong><em>είδ</em></strong></span> <span class='ocrx_word' id='word_1_48' title='bbox 819 887 857 954; x_wconf 88' lang='grc' dir='ltr'><strong><em>έν</em></strong></span> <span class='ocrx_word' id='word_1_49' title='bbox 872 884 1037 972; x_wconf 81' lang='grc' dir='ltr'><strong><em>Ὀλύμπῳ.</em></strong></span> 
     </span>
     <span class='ocr_line' id='line_1_8' title="bbox 189 986 1063 1073; baseline -0.002 -21"><span class='ocrx_word' id='word_1_50' title='bbox 189 992 300 1070; x_wconf 76' lang='grc' dir='ltr'><strong><em>σφῶϊν</em></strong></span> <span class='ocrx_word' id='word_1_51' title='bbox 318 987 354 1054; x_wconf 76' lang='grc' dir='ltr'><strong><em>δέ</em></strong></span> <span class='ocrx_word' id='word_1_52' title='bbox 370 992 450 1068; x_wconf 85' lang='grc' dir='ltr'><strong><em>πρίν</em></strong></span> <span class='ocrx_word' id='word_1_53' title='bbox 467 1009 529 1073; x_wconf 87' lang='grc' dir='ltr'><strong><em>περ</em></strong></span> <span class='ocrx_word' id='word_1_54' title='bbox 542 986 664 1072; x_wconf 78' lang='grc' dir='ltr'><strong><em>τρόμος</em></strong></span> <span class='ocrx_word' id='word_1_55' title='bbox 680 991 797 1071; x_wconf 80' lang='grc' dir='ltr'><strong><em>ἔλλαβε</em></strong></span> <span class='ocrx_word' id='word_1_56' title='bbox 816 989 957 1071; x_wconf 89' lang='grc' dir='ltr'><strong><em>φαίδιμα</em></strong></span> <span class='ocrx_word' id='word_1_57' title='bbox 974 997 1063 1070; x_wconf 81' lang='grc' dir='ltr'><strong><em>γυῖα,</em></strong></span> 
     </span>
     <span class='ocr_line' id='line_1_9' title="bbox 187 1082 1093 1170; baseline -0.004 -20"><span class='ocrx_word' id='word_1_58' title='bbox 187 1084 269 1169; x_wconf 81' lang='grc' dir='ltr'><strong><em>πρὶν</em></strong></span> <span class='ocrx_word' id='word_1_59' title='bbox 287 1083 436 1170; x_wconf 90' lang='grc' dir='ltr'><strong><em>πόλεμόν</em></strong></span> <span class='ocrx_word' id='word_1_60' title='bbox 451 1082 477 1152; x_wconf 89' lang='grc' dir='ltr'><strong><em>τ’</em></strong></span> <span class='ocrx_word' id='word_1_61' title='bbox 496 1089 595 1153; x_wconf 81' lang='grc' dir='ltr'><strong><em>ἰδέειν</em></strong></span> <span class='ocrx_word' id='word_1_62' title='bbox 613 1084 770 1170; x_wconf 84' lang='grc' dir='ltr'><strong><em>πολέμοιό</em></strong></span> <span class='ocrx_word' id='word_1_63' title='bbox 789 1109 824 1151; x_wconf 88' lang='grc' dir='ltr'><strong><em>τε</em></strong></span> <span class='ocrx_word' id='word_1_64' title='bbox 839 1087 988 1170; x_wconf 81' lang='grc' dir='ltr'><strong><em>μέρμερα</em></strong></span> <span class='ocrx_word' id='word_1_65' title='bbox 1007 1089 1093 1168; x_wconf 78' lang='grc' dir='ltr'><strong><em>ἔργα.</em></strong></span> 
     </span>
     <span class='ocr_line' id='line_1_10' title="bbox 189 1174 1012 1270; baseline 0 -22"><span class='ocrx_word' id='word_1_66' title='bbox 189 1174 254 1248; x_wconf 76' lang='grc' dir='ltr'><strong><em>ὦδε</em></strong></span> <span class='ocrx_word' id='word_1_67' title='bbox 270 1179 335 1268; x_wconf 79' lang='grc' dir='ltr'><strong><em>γὰρ</em></strong></span> <span class='ocrx_word' id='word_1_68' title='bbox 354 1185 480 1270; x_wconf 79' lang='grc' dir='ltr'><strong><em>ἐξερέω,</em></strong></span> <span class='ocrx_word' id='word_1_69' title='bbox 496 1181 533 1250; x_wconf 88' lang='grc' dir='ltr'><strong><em>τδ</em></strong></span> <span class='ocrx_word' id='word_1_70' title='bbox 554 1187 591 1251; x_wconf 89' lang='grc' dir='ltr'><strong><em>δέ</em></strong></span> <span class='ocrx_word' id='word_1_71' title='bbox 607 1209 667 1250; x_wconf 89' lang='grc' dir='ltr'><strong><em>κεν</em></strong></span> <span class='ocrx_word' id='word_1_72' title='bbox 683 1185 917 1269; x_wconf 83' lang='grc' dir='ltr'><strong><em>τετελεσμένον</em></strong></span> <span class='ocrx_word' id='word_1_73' title='bbox 935 1175 1012 1268; x_wconf 80' lang='grc' dir='ltr'><strong><em>ἦεν·</em></strong></span> 
     </span>
     <span class='ocr_line' id='line_1_11' title="bbox 189 1277 1139 1368; baseline -0.001 -21"><span class='ocrx_word' id='word_1_74' title='bbox 189 1278 252 1364; x_wconf 78' lang='grc' dir='ltr'><strong><em>οὐκ</em></strong></span> <span class='ocrx_word' id='word_1_75' title='bbox 269 1277 314 1348; x_wconf 88' lang='grc' dir='ltr'><strong><em>ἀν</em></strong></span> <span class='ocrx_word' id='word_1_76' title='bbox 330 1281 380 1366; x_wconf 81' lang='grc' dir='ltr'><strong><em>ἐφ’</em></strong></span> <span class='ocrx_word' id='word_1_77' title='bbox 396 1280 565 1368; x_wconf 86' lang='grc' dir='ltr'><strong><em>ὑμετέρων</em></strong></span> <span class='ocrx_word' id='word_1_78' title='bbox 581 1280 697 1367; x_wconf 83' lang='grc' dir='ltr'><strong><em>ὀχέων,</em></strong></span> <span class='ocrx_word' id='word_1_79' title='bbox 714 1285 877 1367; x_wconf 78' lang='grc' dir='ltr'><strong><em>πληγέντε</em></strong></span> <span class='ocrx_word' id='word_1_80' title='bbox 895 1286 1062 1368; x_wconf 77' lang='grc' dir='ltr'><strong><em>κεραυνῷ,</em></strong></span> <span class='ocrx_word' id='word_1_81' title='bbox 1094 1296 1139 1346; x_wconf 68' lang='lat'><strong><em>455</em></strong></span> 
     </span>
     <span class='ocr_line' id='line_1_12' title="bbox 189 1373 1121 1467; baseline -0.002 -21"><span class='ocrx_word' id='word_1_82' title='bbox 189 1373 236 1460; x_wconf 75' lang='grc' dir='ltr'><strong><em>ἀμ</em></strong></span> <span class='ocrx_word' id='word_1_83' title='bbox 253 1380 468 1467; x_wconf 81' lang='grc' dir='ltr'><strong><em>έςὍλυμπον</em></strong></span> <span class='ocrx_word' id='word_1_84' title='bbox 484 1385 634 1467; x_wconf 80' lang='grc' dir='ltr'><strong><em>ἵκεσθον,</em></strong></span> <span class='ocrx_word' id='word_1_85' title='bbox 651 1377 692 1448; x_wconf 78' lang='grc' dir='ltr'><strong><em>ἵν’</em></strong></span> <span class='ocrx_word' id='word_1_86' title='bbox 711 1377 894 1448; x_wconf 78' lang='grc' dir='ltr'><strong><em>ἀθανάτων</em></strong></span> <span class='ocrx_word' id='word_1_87' title='bbox 909 1380 985 1458; x_wconf 85' lang='grc' dir='ltr'><strong><em>έδος</em></strong></span> <span class='ocrx_word' id='word_1_88' title='bbox 1003 1382 1121 1447; x_wconf 84' lang='grc' dir='ltr'><strong><em>έστίν.“</em></strong></span> 
     </span>
     <span class='ocr_line' id='line_1_13' title="bbox 200 1474 1110 1566; baseline -0.002 -20"><span class='ocrx_word' id='word_1_89' title='bbox 200 1479 202 1490; x_wconf 85' lang='lat'>&#39;</span> <span class='ocrx_word' id='word_1_90' title='bbox 230 1475 292 1558; x_wconf 80' lang='grc' dir='ltr'><strong><em>Ὣς</em></strong></span> <span class='ocrx_word' id='word_1_91' title='bbox 308 1479 416 1566; x_wconf 85' lang='grc' dir='ltr'><strong><em>ἔφαθ’,</em></strong></span> <span class='ocrx_word' id='word_1_92' title='bbox 435 1483 471 1548; x_wconf 87' lang='grc' dir='ltr'><strong><em>αί</em></strong></span> <span class='ocrx_word' id='word_1_93' title='bbox 485 1478 517 1548; x_wconf 88' lang='grc' dir='ltr'><strong><em>δ’</em></strong></span> <span class='ocrx_word' id='word_1_94' title='bbox 536 1481 701 1566; x_wconf 78' lang='grc' dir='ltr'><strong><em>ἐπέμυξαν</em></strong></span> <span class='ocrx_word' id='word_1_95' title='bbox 716 1478 874 1565; x_wconf 83' lang='grc' dir='ltr'><strong><em>Ἀθηναίη</em></strong></span> <span class='ocrx_word' id='word_1_96' title='bbox 892 1504 928 1546; x_wconf 88' lang='grc' dir='ltr'><strong><em>τε</em></strong></span> <span class='ocrx_word' id='word_1_97' title='bbox 944 1474 1110 1562; x_wconf 80' lang='grc' dir='ltr'><strong><em>καὶἭρη·</em></strong></span> 
     </span>
     <span class='ocr_line' id='line_1_14' title="bbox 188 1575 1066 1666; baseline -0.005 -21"><span class='ocrx_word' id='word_1_98' title='bbox 188 1582 323 1664; x_wconf 90' lang='grc' dir='ltr'><strong><em>πλησίαι</em></strong></span> <span class='ocrx_word' id='word_1_99' title='bbox 340 1577 401 1664; x_wconf 84' lang='grc' dir='ltr'><strong><em>αἵγ’</em></strong></span> <span class='ocrx_word' id='word_1_100' title='bbox 419 1577 542 1666; x_wconf 81' lang='grc' dir='ltr'><strong><em>ἥσθην,</em></strong></span> <span class='ocrx_word' id='word_1_101' title='bbox 559 1575 645 1647; x_wconf 77' lang='grc' dir='ltr'><strong><em>κακοὶ</em></strong></span> <span class='ocrx_word' id='word_1_102' title='bbox 664 1575 700 1644; x_wconf 70' lang='grc' dir='ltr'><strong><em>δὲ</em></strong></span> <span class='ocrx_word' id='word_1_103' title='bbox 719 1577 869 1664; x_wconf 84' lang='grc' dir='ltr'><strong><em>Τρύεσσι</em></strong></span> <span class='ocrx_word' id='word_1_104' title='bbox 885 1577 1066 1662; x_wconf 88' lang='grc' dir='ltr'><strong><em>μεδέσθην.</em></strong></span> 
     </span>
     <span class='ocr_line' id='line_1_15' title="bbox 188 1671 883 1764; baseline 0.001 -21"><span class='ocrx_word' id='word_1_105' title='bbox 188 1675 261 1763; x_wconf 80' lang='grc' dir='ltr'><strong><em>ἤτοι</em></strong></span> <span class='ocrx_word' id='word_1_106' title='bbox 276 1675 433 1762; x_wconf 78' lang='grc' dir='ltr'><strong><em>Ἀθηναίη</em></strong></span> <span class='ocrx_word' id='word_1_107' title='bbox 452 1675 560 1745; x_wconf 88' lang='grc' dir='ltr'><strong><em>ἀκέων</em></strong></span> <span class='ocrx_word' id='word_1_108' title='bbox 576 1671 620 1764; x_wconf 79' lang='grc' dir='ltr'><strong><em>ἦν</em></strong></span> <span class='ocrx_word' id='word_1_109' title='bbox 637 1673 718 1745; x_wconf 87' lang='grc' dir='ltr'><strong><em>ούδέ</em></strong></span> <span class='ocrx_word' id='word_1_110' title='bbox 730 1701 762 1744; x_wconf 92' lang='grc' dir='ltr'><strong><em>τι</em></strong></span> <span class='ocrx_word' id='word_1_111' title='bbox 780 1673 883 1762; x_wconf 74' lang='grc' dir='ltr'><strong><em>εἶπεν,</em></strong></span> 
     </span>
     <span class='ocr_line' id='line_1_16' title="bbox 189 1772 1194 1862; baseline 0.001 -22"><span class='ocrx_word' id='word_1_112' title='bbox 189 1777 370 1859; x_wconf 83' lang='grc' dir='ltr'><strong><em>σκυζομένη</em></strong></span> <span class='ocrx_word' id='word_1_113' title='bbox 387 1777 445 1843; x_wconf 69' lang='lat' dir='ltr'><strong><em>Aa</em></strong></span> <span class='ocrx_word' id='word_1_114' title='bbox 463 1777 570 1862; x_wconf 79' lang='grc' dir='ltr'><strong><em>πατρὶ,</em></strong></span> <span class='ocrx_word' id='word_1_115' title='bbox 588 1773 686 1860; x_wconf 80' lang='grc' dir='ltr'><strong><em>χόλος</em></strong></span> <span class='ocrx_word' id='word_1_116' title='bbox 704 1777 741 1842; x_wconf 88' lang='grc' dir='ltr'><strong><em>δέ</em></strong></span> <span class='ocrx_word' id='word_1_117' title='bbox 755 1801 814 1859; x_wconf 90' lang='grc' dir='ltr'><strong><em>μιν</em></strong></span> <span class='ocrx_word' id='word_1_118' title='bbox 830 1772 947 1858; x_wconf 77' lang='grc' dir='ltr'><strong><em>ἄγριος</em></strong></span> <span class='ocrx_word' id='word_1_119' title='bbox 964 1773 1056 1861; x_wconf 76' lang='grc' dir='ltr'><strong><em>ᾔρει·</em></strong></span> <span class='ocrx_word' id='word_1_120' title='bbox 1094 1791 1136 1842; x_wconf 71' lang='grc' dir='ltr'><strong><em>ιόλ</em></strong></span> <span class='ocrx_word' id='word_1_121' title='bbox 1193 1827 1194 1848; x_wconf 60' lang='grc'><strong><em>,</em></strong></span> 
     </span>
     <span class='ocr_line' id='line_1_17' title="bbox 183 1859 1194 1961; baseline 0 -24"><span class='ocrx_word' id='word_1_122' title='bbox 183 1869 268 1959; x_wconf 82' lang='grc' dir='ltr'><strong><em>Ἤρη</em></strong></span> <span class='ocrx_word' id='word_1_123' title='bbox 285 1870 317 1937; x_wconf 88' lang='grc' dir='ltr'><strong><em>δ’</em></strong></span> <span class='ocrx_word' id='word_1_124' title='bbox 336 1871 398 1940; x_wconf 89' lang='grc' dir='ltr'><strong><em>ούκ</em></strong></span> <span class='ocrx_word' id='word_1_125' title='bbox 416 1877 511 1958; x_wconf 80' lang='grc' dir='ltr'><strong><em>ἔχαδε</em></strong></span> <span class='ocrx_word' id='word_1_126' title='bbox 527 1882 651 1961; x_wconf 78' lang='grc' dir='ltr'><strong><em>στῆθος</em></strong></span> <span class='ocrx_word' id='word_1_127' title='bbox 665 1871 776 1959; x_wconf 87' lang='grc' dir='ltr'><strong><em>χόλον,</em></strong></span> <span class='ocrx_word' id='word_1_128' title='bbox 794 1869 879 1940; x_wconf 81' lang='grc' dir='ltr'><strong><em>ἀλλὰ</em></strong></span> <span class='ocrx_word' id='word_1_129' title='bbox 897 1872 1075 1958; x_wconf 79' lang='grc' dir='ltr'><strong><em>προσηύδα</em></strong></span> <span class='ocrx_word' id='word_1_130' title='bbox 1193 1859 1194 1923; x_wconf 52' lang='grc' dir='ltr'><strong>ἶ</strong></span> 
     </span>
     <span class='ocr_line' id='line_1_18' title="bbox 229 1968 1051 2058; baseline -0.024 -1"><span class='ocrx_word' id='word_1_131' title='bbox 229 1968 414 2056; x_wconf 66' lang='grc' dir='ltr'><strong><em>κιέίνότατε</em></strong></span> <span class='ocrx_word' id='word_1_132' title='bbox 429 1976 588 2058; x_wconf 88' lang='grc' dir='ltr'><strong><em>Κρονίδη,</em></strong></span> <span class='ocrx_word' id='word_1_133' title='bbox 606 1984 705 2040; x_wconf 88' lang='grc' dir='ltr'><strong><em>ποῑον</em></strong></span> <span class='ocrx_word' id='word_1_134' title='bbox 721 1969 782 2038; x_wconf 87' lang='grc' dir='ltr'><strong><em>τόν</em></strong></span> <span class='ocrx_word' id='word_1_135' title='bbox 801 1977 916 2056; x_wconf 87' lang='grc' dir='ltr'><strong><em>μῦθον</em></strong></span> <span class='ocrx_word' id='word_1_136' title='bbox 934 1975 1051 2050; x_wconf 83' lang='grc' dir='ltr'><strong><em>ἔειπες.</em></strong></span> 
     </span>
     <span class='ocr_line' id='line_1_19' title="bbox 187 2060 1193 2175; baseline 0.002 -41"><span class='ocrx_word' id='word_1_137' title='bbox 187 2060 228 2134; x_wconf 84' lang='grc' dir='ltr'><strong><em>εὖ</em></strong></span> <span class='ocrx_word' id='word_1_138' title='bbox 245 2095 288 2135; x_wconf 85' lang='grc' dir='ltr'><strong><em>νυ</em></strong></span> <span class='ocrx_word' id='word_1_139' title='bbox 305 2071 360 2138; x_wconf 82' lang='grc' dir='ltr'><strong><em>καὶ</em></strong></span> <span class='ocrx_word' id='word_1_140' title='bbox 376 2067 469 2156; x_wconf 70' lang='grc' dir='ltr'><strong><em>ἡμεῖς</em></strong></span> <span class='ocrx_word' id='word_1_141' title='bbox 485 2076 581 2157; x_wconf 82' lang='grc' dir='ltr'><strong><em>λδμεν</em></strong></span> <span class='ocrx_word' id='word_1_142' title='bbox 599 2071 620 2139; x_wconf 82' lang='grc' dir='ltr'><strong><em>ό</em></strong></span> <span class='ocrx_word' id='word_1_143' title='bbox 636 2096 687 2138; x_wconf 92' lang='grc' dir='ltr'><strong><em>τοι</em></strong></span> <span class='ocrx_word' id='word_1_144' title='bbox 704 2073 827 2148; x_wconf 85' lang='grc' dir='ltr'><strong><em>σθένος</em></strong></span> <span class='ocrx_word' id='word_1_145' title='bbox 849 2065 912 2136; x_wconf 87' lang='grc' dir='ltr'><strong><em>ούκ</em></strong></span> <span class='ocrx_word' id='word_1_146' title='bbox 930 2065 1136 2138; x_wconf 85' lang='grc' dir='ltr'><strong><em>ἀλαπαδνόν·</em></strong></span> <span class='ocrx_word' id='word_1_147' title='bbox 1192 2081 1193 2175; x_wconf 58' lang='grc' dir='ltr'><strong><em>χ</em></strong></span> 
     </span>
     <span class='ocr_line' id='line_1_20' title="bbox 186 2163 1002 2255; baseline 0.001 -23"><span class='ocrx_word' id='word_1_148' title='bbox 186 2163 255 2234; x_wconf 87' lang='grc' dir='ltr'><strong><em>ἀλλ’</em></strong></span> <span class='ocrx_word' id='word_1_149' title='bbox 274 2172 377 2252; x_wconf 82' lang='grc' dir='ltr'><strong><em>ἒμπης</em></strong></span> <span class='ocrx_word' id='word_1_150' title='bbox 393 2176 539 2236; x_wconf 75' lang='grc' dir='ltr'><strong><em>Δαναῶν</em></strong></span> <span class='ocrx_word' id='word_1_151' title='bbox 555 2164 782 2255; x_wconf 81' lang='grc' dir='ltr'><strong><em>ὀλοφυρόμεθ’</em></strong></span> <span class='ocrx_word' id='word_1_152' title='bbox 800 2165 1002 2254; x_wconf 81' lang='grc' dir='ltr'><strong><em>αἰχμητάων,</em></strong></span> 
     </span>
     <span class='ocr_line' id='line_1_21' title="bbox 187 2263 1192 2354; baseline 0.006 -25"><span class='ocrx_word' id='word_1_153' title='bbox 187 2268 221 2329; x_wconf 86' lang='grc' dir='ltr'><strong><em>οἵ</em></strong></span> <span class='ocrx_word' id='word_1_154' title='bbox 235 2290 293 2330; x_wconf 88' lang='grc' dir='ltr'><strong><em>κεν</em></strong></span> <span class='ocrx_word' id='word_1_155' title='bbox 311 2263 351 2351; x_wconf 81' lang='grc' dir='ltr'><strong><em>δὴ</em></strong></span> <span class='ocrx_word' id='word_1_156' title='bbox 370 2264 477 2333; x_wconf 89' lang='grc' dir='ltr'><strong><em>κακδν</em></strong></span> <span class='ocrx_word' id='word_1_157' title='bbox 494 2267 584 2336; x_wconf 78' lang='grc' dir='ltr'><strong><em>οἶτον</em></strong></span> <span class='ocrx_word' id='word_1_158' title='bbox 601 2267 850 2354; x_wconf 73' lang='grc' dir='ltr'><strong><em>ἀναπλήσαντες</em></strong></span> <span class='ocrx_word' id='word_1_159' title='bbox 869 2267 1025 2335; x_wconf 80' lang='grc' dir='ltr'><strong><em>ὄλωνται.</em></strong></span> <span class='ocrx_word' id='word_1_160' title='bbox 1091 2285 1137 2338; x_wconf 60' lang='lat'><strong><em>{65</em></strong></span> <span class='ocrx_word' id='word_1_161' title='bbox 1191 2303 1192 2348; x_wconf 72' lang='grc'>;</span> 
     </span>
     <span class='ocr_line' id='line_1_22' title="bbox 188 2349 1192 2452; baseline 0.009 -26"><span class='ocrx_word' id='word_1_162' title='bbox 188 2359 267 2444; x_wconf 84' lang='grc' dir='ltr'><strong><em>[ἀλλ’</em></strong></span> <span class='ocrx_word' id='word_1_163' title='bbox 284 2362 359 2448; x_wconf 84' lang='grc' dir='ltr'><strong><em>ἤτοι</em></strong></span> <span class='ocrx_word' id='word_1_164' title='bbox 374 2366 520 2450; x_wconf 89' lang='grc' dir='ltr'><strong><em>πολέμου</em></strong></span> <span class='ocrx_word' id='word_1_165' title='bbox 536 2369 598 2452; x_wconf 78' lang='grc' dir='ltr'><strong><em>μέν</em></strong></span> <span class='ocrx_word' id='word_1_166' title='bbox 615 2364 805 2452; x_wconf 79' lang='grc' dir='ltr'><strong><em>ἀφεξόμεθ’,</em></strong></span> <span class='ocrx_word' id='word_1_167' title='bbox 826 2371 856 2433; x_wconf 90' lang='grc' dir='ltr'><strong><em>εί</em></strong></span> <span class='ocrx_word' id='word_1_168' title='bbox 870 2364 914 2433; x_wconf 85' lang='grc' dir='ltr'><strong><em>σύ</em></strong></span> <span class='ocrx_word' id='word_1_169' title='bbox 931 2367 1093 2447; x_wconf 82' lang='grc' dir='ltr'><strong><em>κελεύεις·</em></strong></span> <span class='ocrx_word' id='word_1_170' title='bbox 1191 2349 1192 2429; x_wconf 59' lang='grc' dir='ltr'><strong><em>λ</em></strong></span> 
     </span>
     <span class='ocr_line' id='line_1_23' title="bbox 155 2457 1029 2554; baseline 0.011 -30"><span class='ocrx_word' id='word_1_171' title='bbox 155 2461 165 2477; x_wconf 81' lang='grc'><em>’</em></span> <span class='ocrx_word' id='word_1_172' title='bbox 187 2457 313 2544; x_wconf 77' lang='grc' dir='ltr'><strong><em>βουλὴν</em></strong></span> <span class='ocrx_word' id='word_1_173' title='bbox 331 2459 363 2528; x_wconf 86' lang='grc' dir='ltr'><strong><em>δ’</em></strong></span> <span class='ocrx_word' id='word_1_174' title='bbox 376 2460 535 2549; x_wconf 74' lang='grc' dir='ltr'><strong><em>Ἀργείοις</em></strong></span> <span class='ocrx_word' id='word_1_175' title='bbox 551 2462 794 2552; x_wconf 83' lang='grc' dir='ltr'><strong><em>ὑποθησόμεθ’,</em></strong></span> <span class='ocrx_word' id='word_1_176' title='bbox 811 2464 883 2552; x_wconf 78' lang='grc' dir='ltr'><strong><em>ἥτις</em></strong></span> <span class='ocrx_word' id='word_1_177' title='bbox 900 2463 1029 2554; x_wconf 77' lang='grc' dir='ltr'><strong><em>όυησει,</em></strong></span> 
     </span>
     <span class='ocr_line' id='line_1_24' title="bbox 186 2555 999 2651; baseline 0.006 -25"><span class='ocrx_word' id='word_1_178' title='bbox 186 2555 232 2634; x_wconf 77' lang='grc' dir='ltr'><strong><em>ὡς</em></strong></span> <span class='ocrx_word' id='word_1_179' title='bbox 248 2556 292 2644; x_wconf 78' lang='grc' dir='ltr'><strong><em>μὴ</em></strong></span> <span class='ocrx_word' id='word_1_180' title='bbox 310 2559 431 2641; x_wconf 79' lang='grc' dir='ltr'><strong><em>πάντες</em></strong></span> <span class='ocrx_word' id='word_1_181' title='bbox 447 2562 591 2632; x_wconf 82' lang='grc' dir='ltr'><strong><em>ὄλωνται</em></strong></span> <span class='ocrx_word' id='word_1_182' title='bbox 606 2563 846 2650; x_wconf 83' lang='grc' dir='ltr'><strong><em>ὀδυσσαμένοιο</em></strong></span> <span class='ocrx_word' id='word_1_183' title='bbox 864 2573 999 2651; x_wconf 82' lang='grc' dir='ltr'><strong><em>τεοῖο,]“</em></strong></span> 
     </span>
     <span class='ocr_line' id='line_1_25' title="bbox 231 2654 1138 2758; baseline 0.011 -35"><span class='ocrx_word' id='word_1_184' title='bbox 231 2654 303 2745; x_wconf 80' lang='grc' dir='ltr'><strong><em>Τὴν</em></strong></span> <span class='ocrx_word' id='word_1_185' title='bbox 320 2658 352 2726; x_wconf 83' lang='grc' dir='ltr'><strong><em>δ’</em></strong></span> <span class='ocrx_word' id='word_1_186' title='bbox 364 2658 628 2750; x_wconf 75' lang='grc' dir='ltr'><strong><em>ἀπαμειβόμενος</em></strong></span> <span class='ocrx_word' id='word_1_187' title='bbox 639 2669 789 2750; x_wconf 84' lang='grc' dir='ltr'><strong><em>προσέφη</em></strong></span> <span class='ocrx_word' id='word_1_188' title='bbox 802 2671 1046 2752; x_wconf 80' lang='grc' dir='ltr'><strong><em>νεφεληγερέτα</em></strong></span> <span class='ocrx_word' id='word_1_189' title='bbox 1057 2666 1138 2758; x_wconf 75' lang='grc' dir='ltr'><strong><em>Ζεύς</em></strong></span> 
     </span>
     <span class='ocr_line' id='line_1_26' title="bbox 184 2752 1137 2849; baseline -0.003 -13"><span class='ocrx_word' id='word_1_190' title='bbox 184 2752 289 2840; x_wconf 73' lang='lat' dir='ltr'><strong><em>„⁷po</em></strong></span> <span class='ocrx_word' id='word_1_191' title='bbox 308 2756 348 2845; x_wconf 68' lang='grc' dir='ltr'><strong><em>δὴ</em></strong></span> <span class='ocrx_word' id='word_1_192' title='bbox 368 2764 423 2830; x_wconf 76' lang='grc' dir='ltr'><strong><em>καὶ</em></strong></span> <span class='ocrx_word' id='word_1_193' title='bbox 441 2770 568 2849; x_wconf 85' lang='grc' dir='ltr'><strong><em>μᾶλλον</em></strong></span> <span class='ocrx_word' id='word_1_194' title='bbox 586 2761 771 2849; x_wconf 84' lang='grc' dir='ltr'><strong><em>ὑπερμενέα</em></strong></span> <span class='ocrx_word' id='word_1_195' title='bbox 793 2770 973 2848; x_wconf 87' lang='grc' dir='ltr'><strong><em>Κρονίωνα</em></strong></span> <span class='ocrx_word' id='word_1_196' title='bbox 1092 2779 1137 2834; x_wconf 75' lang='grc' dir='ltr'><strong><em>ιλθ</em></strong></span> 
     </span>
     <span class='ocr_line' id='line_1_27' title="bbox 185 2851 1190 2951; baseline 0.017 -33"><span class='ocrx_word' id='word_1_197' title='bbox 185 2851 290 2944; x_wconf 75' lang='grc' dir='ltr'><strong><em>ὄψεαι,</em></strong></span> <span class='ocrx_word' id='word_1_198' title='bbox 311 2867 348 2926; x_wconf 80' lang='grc' dir='ltr'><strong><em>αλ</em></strong></span> <span class='ocrx_word' id='word_1_199' title='bbox 363 2858 390 2927; x_wconf 91' lang='grc' dir='ltr'><strong><em>κ’</em></strong></span> <span class='ocrx_word' id='word_1_200' title='bbox 411 2861 591 2950; x_wconf 86' lang='grc' dir='ltr'><strong><em>έθέλησθα,</em></strong></span> <span class='ocrx_word' id='word_1_201' title='bbox 611 2870 736 2950; x_wconf 80' lang='grc' dir='ltr'><strong><em>βοῶπις</em></strong></span> <span class='ocrx_word' id='word_1_202' title='bbox 755 2863 875 2932; x_wconf 91' lang='grc' dir='ltr'><strong><em>πότνια</em></strong></span> <span class='ocrx_word' id='word_1_203' title='bbox 885 2863 985 2951; x_wconf 83' lang='grc' dir='ltr'><strong><em>Ἥρη,</em></strong></span> <span class='ocrx_word' id='word_1_204' title='bbox 1189 2855 1190 2935; x_wconf 64' lang='grc' dir='ltr'><strong><em>λ</em></strong></span> 
     </span>
     <span class='ocr_line' id='line_1_28' title="bbox 184 2951 1021 3050; baseline 0.018 -33"><span class='ocrx_word' id='word_1_205' title='bbox 184 2951 313 3020; x_wconf 81' lang='grc' dir='ltr'><strong><em>ὀλλύντ’</em></strong></span> <span class='ocrx_word' id='word_1_206' title='bbox 331 2955 485 3041; x_wconf 82' lang='grc' dir='ltr'><strong><em>Ἀργείων</em></strong></span> <span class='ocrx_word' id='word_1_207' title='bbox 503 2961 634 3030; x_wconf 85' lang='grc' dir='ltr'><strong><em>πουλδν</em></strong></span> <span class='ocrx_word' id='word_1_208' title='bbox 652 2963 795 3048; x_wconf 85' lang='grc' dir='ltr'><strong><em>στρατὸν</em></strong></span> <span class='ocrx_word' id='word_1_209' title='bbox 814 2965 1021 3050; x_wconf 86' lang='grc' dir='ltr'><strong><em>αίχμητάων·</em></strong></span> 
     </span>
     <span class='ocr_line' id='line_1_29' title="bbox 184 3046 1126 3150; baseline 0.01 -30"><span class='ocrx_word' id='word_1_210' title='bbox 184 3046 226 3114; x_wconf 77' lang='grc' dir='ltr'><strong><em>οὗ</em></strong></span> <span class='ocrx_word' id='word_1_211' title='bbox 245 3047 308 3136; x_wconf 80' lang='grc' dir='ltr'><strong><em>γάρ</em></strong></span> <span class='ocrx_word' id='word_1_212' title='bbox 328 3056 407 3135; x_wconf 84' lang='grc' dir='ltr'><strong><em>πρὶν</em></strong></span> <span class='ocrx_word' id='word_1_213' title='bbox 426 3062 573 3144; x_wconf 88' lang='grc' dir='ltr'><strong><em>πολέμου</em></strong></span> <span class='ocrx_word' id='word_1_214' title='bbox 592 3058 819 3129; x_wconf 87' lang='grc' dir='ltr'><strong><em>ἀποπαύσεται</em></strong></span> <span class='ocrx_word' id='word_1_215' title='bbox 839 3062 979 3150; x_wconf 82' lang='grc' dir='ltr'><strong><em>ὄβριμος</em></strong></span> <span class='ocrx_word' id='word_1_216' title='bbox 989 3063 1126 3147; x_wconf 83' lang='grc' dir='ltr'><strong><em>Ἕκτωρ,</em></strong></span> 
     </span>
     <span class='ocr_line' id='line_1_30' title="bbox 184 3148 997 3246; baseline 0.022 -34"><span class='ocrx_word' id='word_1_217' title='bbox 184 3149 263 3230; x_wconf 78' lang='grc' dir='ltr'><strong><em>πρὶν</em></strong></span> <span class='ocrx_word' id='word_1_218' title='bbox 282 3148 384 3234; x_wconf 87' lang='grc' dir='ltr'><strong><em>όρθαι</em></strong></span> <span class='ocrx_word' id='word_1_219' title='bbox 405 3153 495 3241; x_wconf 74' lang='grc' dir='ltr'><strong><em>παρὰ</em></strong></span> <span class='ocrx_word' id='word_1_220' title='bbox 514 3164 620 3243; x_wconf 83' lang='grc' dir='ltr'><strong><em>ναῦφι</em></strong></span> <span class='ocrx_word' id='word_1_221' title='bbox 638 3160 792 3228; x_wconf 75' lang='grc' dir='ltr'><strong><em>ποδώκεα</em></strong></span> <span class='ocrx_word' id='word_1_222' title='bbox 810 3167 997 3246; x_wconf 87' lang='grc' dir='ltr'><strong><em>Πηλείωνα.</em></strong></span> 
     </span>
     <span class='ocr_line' id='line_1_31' title="bbox 185 3243 1188 3348; baseline 0.012 -34"><span class='ocrx_word' id='word_1_223' title='bbox 185 3243 294 3330; x_wconf 82' lang='grc' dir='ltr'><strong><em>[ἤματι</em></strong></span> <span class='ocrx_word' id='word_1_224' title='bbox 312 3255 357 3338; x_wconf 77' lang='grc' dir='ltr'><strong><em>τῷ</em></strong></span> <span class='ocrx_word' id='word_1_225' title='bbox 377 3249 422 3318; x_wconf 79' lang='grc' dir='ltr'><strong><em>όί</em></strong></span> <span class='ocrx_word' id='word_1_226' title='bbox 443 3249 486 3321; x_wconf 86' lang='grc' dir='ltr'><strong><em>ἀν</em></strong></span> <span class='ocrx_word' id='word_1_227' title='bbox 505 3259 538 3322; x_wconf 87' lang='grc' dir='ltr'><strong><em>οί</em></strong></span> <span class='ocrx_word' id='word_1_228' title='bbox 552 3261 614 3342; x_wconf 79' lang='grc' dir='ltr'><strong><em>μὲν</em></strong></span> <span class='ocrx_word' id='word_1_229' title='bbox 629 3261 682 3326; x_wconf 82' lang='grc' dir='ltr'><strong><em>έπλ</em></strong></span> <span class='ocrx_word' id='word_1_230' title='bbox 699 3257 871 3345; x_wconf 90' lang='grc' dir='ltr'><strong><em>πρύμνησι</em></strong></span> <span class='ocrx_word' id='word_1_231' title='bbox 883 3260 1065 3348; x_wconf 79' lang='grc' dir='ltr'><strong><em>μάχωνται,</em></strong></span> <span class='ocrx_word' id='word_1_232' title='bbox 1088 3275 1135 3328; x_wconf 65' lang='lat'><strong><em>4¹55</em></strong></span> <span class='ocrx_word' id='word_1_233' title='bbox 1187 3251 1188 3300; x_wconf 42' lang='grc' dir='ltr'>ἶ</span> 
     </span>
     <span class='ocr_line' id='line_1_32' title="bbox 185 3349 1188 3460; baseline 0.02 -52"><span class='ocrx_word' id='word_1_234' title='bbox 185 3349 303 3460; x_wconf 53' lang='grc' dir='ltr'><strong><em>ητείνει</em></strong></span> <span class='ocrx_word' id='word_1_235' title='bbox 320 3349 357 3414; x_wconf 85' lang='grc' dir='ltr'><strong><em>έν</em></strong></span> <span class='ocrx_word' id='word_1_236' title='bbox 376 3352 548 3444; x_wconf 79' lang='grc' dir='ltr'><strong><em>αίνοτάτφ,</em></strong></span> <span class='ocrx_word' id='word_1_237' title='bbox 569 3358 644 3441; x_wconf 75' lang='grc' dir='ltr'><strong><em>περὶ</em></strong></span> <span class='ocrx_word' id='word_1_238' title='bbox 662 3356 872 3441; x_wconf 84' lang='grc' dir='ltr'><strong><em>Πατρόκλοιο</em></strong></span> <span class='ocrx_word' id='word_1_239' title='bbox 892 3359 1086 3444; x_wconf 76' lang='grc' dir='ltr'><strong><em>θανόντος]</em></strong></span> <span class='ocrx_word' id='word_1_240' title='bbox 1187 3361 1188 3441; x_wconf 65' lang='grc' dir='ltr'><strong><em>λ</em></strong></span> 
     </span>
     <span class='ocr_line' id='line_1_33' title="bbox 185 3438 1107 3544; baseline 0.003 -23"><span class='ocrx_word' id='word_1_241' title='bbox 185 3438 228 3521; x_wconf 60' lang='lat'><strong><em>¹³⁸3</em></strong></span> <span class='ocrx_word' id='word_1_242' title='bbox 246 3443 310 3530; x_wconf 72' lang='grc' dir='ltr'><strong><em>γὰρ</em></strong></span> <span class='ocrx_word' id='word_1_243' title='bbox 330 3453 503 3537; x_wconf 85' lang='grc' dir='ltr'><strong><em>θέσφατόν</em></strong></span> <span class='ocrx_word' id='word_1_244' title='bbox 522 3458 604 3521; x_wconf 84' lang='grc' dir='ltr'><strong><em>ἐστι·</em></strong></span> <span class='ocrx_word' id='word_1_245' title='bbox 625 3459 727 3523; x_wconf 84' lang='grc' dir='ltr'><strong><em>σέθεν</em></strong></span> <span class='ocrx_word' id='word_1_246' title='bbox 747 3454 781 3522; x_wconf 92' lang='grc' dir='ltr'><strong><em>δ’</em></strong></span> <span class='ocrx_word' id='word_1_247' title='bbox 802 3455 866 3540; x_wconf 80' lang='grc' dir='ltr'><strong><em>έγώ</em></strong></span> <span class='ocrx_word' id='word_1_248' title='bbox 888 3453 950 3524; x_wconf 88' lang='grc' dir='ltr'><strong><em>ούκ</em></strong></span> <span class='ocrx_word' id='word_1_249' title='bbox 970 3455 1107 3544; x_wconf 80' lang='grc' dir='ltr'><strong><em>ἀλεγίζω</em></strong></span> 
     </span>
    </p>
   </div>
   <div class='ocr_carea' id='block_1_3' title="bbox 0 0 1210 3918">
    <p class='ocr_par' dir='ltr' id='par_1_3' title="bbox 0 0 1210 3918">
     <span class='ocr_line' id='line_1_34' title="bbox 0 0 1210 3918; baseline 0 2"><span class='ocrx_word' id='word_1_250' title='bbox 0 0 1210 3918; x_wconf 95' lang='lat' dir='ltr'><strong><em> </em></strong></span> 
     </span>
    </p>
   </div>
   <div class='ocr_carea' id='block_1_4' title="bbox 1170 3667 1186 3852">
    <p class='ocr_par' dir='ltr' id='par_1_4' title="bbox 1170 3667 1186 3852">
     <span class='ocr_line' id='line_1_35' title="bbox 1170 3667 1186 3852; baseline 0 -176"><span class='ocrx_word' id='word_1_251' title='bbox 1170 3667 1186 3852; x_wconf 26' lang='grc'><strong><em>,1</em></strong></span> 
     </span>
    </p>
   </div>
  </div>
 </body>
</html>
