2412 3918
179 243 244 308 152
516 240 737 300 ιΛικΛοε
762 240 796 298 ε.

184 403 370 494 Κεβριόνην
390 399 420 470 δ’
440 402 615 497 ἐκέλευσεν
633 398 797 486 ἀδελφεόν
815 400 917 489 έγγύς
934 406 1034 472 ε’όντιι

178 511 291 574 ἵππων
309 500 377 592 ἡνί’
398 503 499 570 ἑλεῖν·
520 497 539 570 ὁ
559 497 591 568 δ’
612 497 661 584 ἀρ’
684 496 747 569 ούκ
766 498 934 592 ἀπίθησεν
952 497 1105 579 ἀκούσας.

180 602 281 685 αὐτὸς
300 601 331 671 δ’
354 605 391 672 έιι
411 606 542 688 δίφροιο
562 603 662 687 χαμαί
679 599 766 688 θόρε
785 603 1054 688 παμφανόωντος
1082 616 1127 670 ³2⁰

179 705 363 793 σμερδαλέα
384 701 501 789 ίάχων·
522 697 540 769 ὁ
561 701 597 768 δέ
614 700 795 789 χερμάδιον
813 700 895 790 λάβε
913 703 1013 788 χειρὶ,

178 811 223 893 βῆ
242 801 274 872 δ’
295 799 556 889 ίθύςιΤεύκρου,
576 803 708 889 βαλέειν
726 803 765 868 δέ
782 803 799 870 έ
815 798 927 888 θυμός
945 798 1077 887 ἀνάγει.

179 903 251 992 ἦτοι
270 901 287 973 ό
307 904 369 990 μέν
388 903 554 988 φαρέτρης
572 903 709 981 έξείλετο
729 899 852 987 πικρὸν
870 896 996 984 ότστόν,

177 1013 264 1092 θῆκε
285 1001 317 1072 δ’
337 1002 390 1070 ἐπὶ
407 1007 527 1088 νευρῇ·
547 997 657 1068 τόνδ’
680 991 724 1067 αύ
743 1001 968 1083 κορυθαίολος
977 997 1103 1082 Ἕκτωρ
1197 1049 1198 1080 ,

178 1102 366 1188 αὐερύοντα
385 1100 459 1186 παρ’
480 1093 583 1188 οἶμον,
604 1098 662 1168 ὅθι
682 1105 774 1186 κληῒς
793 1097 949 1187 ἀποέργει
1081 1113 1130 1166 ³²5

177 1202 301 1290 αὐχένα
318 1228 354 1270 τε
372 1199 500 1290 στῆθός
517 1226 563 1287 τε,
582 1199 722 1287 μάλιστα
742 1198 778 1268 δέ
795 1198 929 1286 καίριόν
947 1201 1048 1284 ἐστιν,

177 1311 217 1392 τῇ
235 1301 269 1390 β’
289 1303 342 1372 ἐπὶ
361 1295 395 1369 οἷ
410 1307 564 1388 μεμαῶτα
583 1299 686 1387 βάλεν
705 1304 791 1389 λίθφ
811 1295 988 1386 ὀκριόεντι,

164 1404 253 1489 ὶῥῆξε
273 1401 311 1470 δέ
327 1405 362 1470 οί
377 1399 518 1487 νευρήν·
537 1398 682 1485 νάρκησε
693 1398 737 1468 ’δέ
754 1400 823 1486 χεὶρ
843 1400 896 1467 ἐπὶ
914 1407 1045 1487 καρπῷ,
1098 1435 1103 1442 ·

179 1509 239 1589 στῆ
258 1499 294 1568 δὲ
312 1498 396 1587 γνὺξ
415 1499 548 1587 έριπάν,
568 1497 666 1594 τόξον
685 1502 721 1566 δέ
739 1503 773 1567 οί
790 1505 907 1568 ἔκπεσε
926 1499 1045 1586 χειρός.

179 1610 259 1679 Αίας
278 1597 310 1668 δ’
331 1597 394 1667 ούκ
413 1597 554 1686 ἀμέλησε
573 1598 783 1686 κασιγνήτοιο
803 1597 974 1684 πεσόντος,
1080 1617 1129 1670 330

175 1697 259 1768 ἀλλά
279 1702 372 1767 θέων
390 1704 507 1785 περίβη
527 1703 586 1766 καί
601 1702 636 1767 οί
651 1698 754 1778 σάκος
772 1696 1022 1786 ἀμφεκάλυψεν.

174 1797 234 1866 τόν
253 1797 314 1884 μὲν
331 1796 435 1886 ἔπειθ’
455 1793 621 1866 ὑποδύντε
640 1796 710 1866 δύω
729 1801 855 1887 ἐρίηρες
874 1800 1007 1886 ἑταῖροι,

175 1895 376 1984 Μηκιστεύς,
393 1895 507 1982 Ἐχίοιο
527 1895 614 1984 πάις,
635 1899 690 1966 καί
709 1902 777 1978 δῖος
793 1896 968 1984 Ἀλάστωρ,
1200 1952 1201 2042 1

174 2003 256 2082 νῆας
275 2001 329 2064 ἔπι
346 1993 521 2083 γλαφυράς
539 1999 680 2084 φερέτην
698 1999 803 2084 βαρέα
821 1998 1032 2084 στενάχοντα.

210 2091 274 2176 Ἀψ
294 2092 325 2163 δ’
343 2088 436 2174 αύτις
453 2094 624 2182 Τράεσσιν
640 2093 815 2183 Ὀλύμπιος
833 2099 869 2163 έν
888 2100 988 2182 μένος
1005 2088 1128 2182 ὦρσεν·

174 2199 208 2264 οί
225 2193 257 2262 δ’
278 2193 357 2275 ἰθύς
375 2195 516 2280 τάφροιο
535 2201 675 2283 βαθείης
694 2187 785 2264 ύσαν
801 2193 963 2282 Ἀχαιούς·
1077 2213 1129 2266 3³6

165 2293 291 2381 Ἕκτωρ
311 2291 344 2360 δ’
364 2296 401 2360 έν
419 2292 578 2380 πράτοισι
597 2301 647 2362 κίε
666 2296 783 2364 σθένεϊ
799 2303 1015 2384 βλεμεαίνων.

173 2391 218 2471 οός
238 2391 270 2459 δ’
291 2390 346 2458 ὅτε
365 2399 413 2470 τίς
430 2418 465 2460 τε
484 2391 578 2460 κύων
596 2393 677 2474 συός
695 2394 814 2483 ἀγρίου
832 2394 872 2483 ἠδ
889 2397 1026 2476 λέοντος

173 2490 314 2576 ἅπτηται
332 2488 525 2575 κατόπισθε,
545 2494 645 2561 ποσὶν
662 2497 810 2581 ταχέεσσι
830 2495 972 2582 διοίκων,

171 2597 258 2675 ἰσχία
277 2613 312 2656 τε
330 2589 493 2674 γλουτούς
511 2616 556 2678 τε,
576 2593 790 2680 ἑλισσόμενόν
809 2622 843 2665 τε
863 2599 1005 2683 δοκεύει,
1079 2615 1129 2669 340

172 2685 217 2769 ἀς
226 2685 354 2774 Ἕκτωρ
375 2688 481 2771 α’ίπαζε
499 2693 777 2780 καρηκομόωντας
792 2694 952 2783 Ἀχαιούς,

170 2789 243 2856 αίὲν
261 2787 468 2858 ἀποκτείνων
485 2788 546 2858 τόν
562 2789 753 2862 ὀπίστατον·
774 2799 808 2862 οί
822 2793 855 2864 δ’
871 2800 1044 2884 έφὲβοντο.

173 2885 278 2974 αὐτὰρ
296 2889 364 2957 ἐπεὶ
380 2888 436 2957 διά
451 2916 486 2957 τε
503 2889 668 2972 σκόλοπας
684 2893 739 2961 καί
754 2894 885 2981 τάφρον
903 2900 1028 2982 ἔβησαν

170 2986 361 3075 φεύγοντες,
379 2991 495 3057 πολλοὶ
512 2990 547 3058 δὲ
563 2990 668 3077 δάμεν
687 2991 813 3080 Τροίων
830 2989 896 3061 ὑπὸ
913 2995 1038 3082 χερσὶν,

168 3087 205 3154 οί
217 3085 279 3172 μέν
295 3085 335 3173 δὴ
352 3087 441 3173 παρά
456 3091 577 3173 νηυσὶν
592 3091 772 3179 ἐρητύοντο
787 3092 956 3178 μένοντες,
1077 3111 1129 3167 ³4⁵

165 3182 341 3270 ἀλλήλοισί
352 3211 388 3253 τε
403 3187 598 3274 κεκλόμενοι
613 3192 668 3256 καί
684 3199 765 3258 πάσι
780 3201 913 3260 θεοῖσιν

166 3298 277 3371 χεῖρας
292 3283 482 3371 ἀνίσχοντες
496 3287 608 3373 μεγάλ’
625 3287 824 3374 εὐχετόωντο
841 3292 995 3372 ἕκαστος·

169 3393 284 3466 Εκτωρ
302 3381 332 3451 δ’
353 3381 653 3472 ἀμφιπεριστράφα
669 3395 877 3475 καλλίτριχας
890 3393 1026 3477 ἵππους,

170 3488 198 3500 “
221 3488 317 3563 ποῦς
333 3481 447 3570 ὄμματ’
466 3489 551 3569 ἔχων
565 3482 605 3574 ηδ
619 3493 838 3575 βροτολοιγοῦ
851 3488 984 3577 Ἄρηος.
