2406 3920
191 204 253 269 298
529 207 753 266 ΙΛΙΑΔΟΣ
780 209 815 266 Ο.

192 364 280 454 σεῖό,
298 367 351 435 ἐπὶ
368 365 399 434 δ’
417 362 517 443 αὐτὸς
531 363 612 433 ύῦσε
628 364 717 452 μάλα
732 367 825 454 μέγα,
844 379 928 435 τοῖσι
944 368 979 437 δὲ
995 363 1105 455 θυμόν

191 472 228 536 ἐν
244 467 425 554 στήθεσσιν
441 469 566 550 ἔθελξε,
583 463 731 532 λάθοντο
749 465 785 533 δέ
800 465 963 551 θούριδος
977 463 1090 553 ἀλκῆς’

192 570 225 635 οί
240 563 284 653 δ’,
304 563 377 634 ὥστ’
394 562 431 653 ήέ
447 571 539 652 βοώυ
554 561 677 649 άγέλην
693 558 714 650 ἢ
730 572 807 632 πολύ
822 564 889 652 μέγ’
908 572 990 634 οίώυ

192 673 277 752 θῆρε
294 663 363 732 δύω
380 667 540 732 κλονέωσι
555 669 712 750 μελαίνης
727 661 848 744 νυκτός
865 662 1010 754 ἀμολγῷ,

192 761 321 834 ἐλθόντ’
338 766 493 849 ἐξαπίνης
509 760 715 850 σημάντορος
731 759 773 830 ού
789 762 982 849 παρεόντος,
1094 778 1134 832 λθ

195 863 238 944 δίς
254 863 424 951 ἐφόβηθεν
438 860 557 949 Ἀχαιοὶ
573 859 763 942 άνάλκιδες·
780 865 818 930 ἐν
833 859 898 947 γάρ
911 858 1083 929 Ἀπόλλων

192 957 252 1050 ήκε
269 964 389 1050 φόβον,
409 963 540 1049 Τρωσὶν
557 962 592 1028 δὲ
609 962 664 1030 καί
671 959 804 1048 Ἕκτορι
820 963 922 1039 κῦδος
938 958 1068 1039 όπαζευ.

225 1063 335 1131 Ἔνθα
352 1058 383 1129 δ’
400 1059 486 1148 άνήρ
503 1063 577 1130 ἕλεν
596 1059 703 1146 ἄνδρα
720 1064 939 1146 κεδασθείσης
955 1057 1101 1146 ὑσμίνης.

185 1162 311 1250 Ἕκτωρ
327 1162 389 1249 μέν
403 1166 539 1247 Στιχίον
554 1187 588 1228 τε
604 1159 658 1228 καὶ
669 1157 882 1246 Ἀρκεσίλαον
897 1165 1054 1246 ἐπεφνευ,

193 1261 253 1332 τόν
269 1262 330 1349 μὲν
344 1267 500 1330 Βοιωτῶν
519 1257 664 1347 ἡγήτορα
679 1259 941 1346 χαλκοχιτώνων,
1094 1272 1137 1328 ὢν

193 1361 253 1431 τόυ
270 1362 306 1430 δὲ
324 1368 525 1447 Μενεσθῆος
538 1359 738 1447 μεγαθύμου
753 1356 873 1428 πιστόν
892 1360 1043 1446 ἑταίρου·

193 1469 326 1543 Αίνείας
342 1466 378 1531 δὲ
394 1462 553 1530 Μέδοντα
569 1460 744 1528 καλἽασον
759 1457 958 1545 ἐξενάριξεν·
1184 1441 1185 1534 λ

193 1561 266 1650 ἤτοι
283 1558 300 1630 ὁ
317 1559 378 1648 μὲν
394 1560 498 1640 νόθος
514 1557 586 1639 υίὸς
600 1558 724 1646 Ὀίλῆος
737 1563 845 1628 θείοιο
1184 1537 1185 1608 δ

195 1669 279 1747 ἔσκε,
297 1661 433 1746 Μέδων,
449 1668 593 1738 Αίαντος
609 1656 785 1744 ἀδελφεός·
803 1656 909 1743 αύτάρ
925 1662 1038 1726 ἔναιεν

195 1763 232 1828 ἐν
249 1758 399 1848 Φυλάκη,
416 1764 510 1845 γαίης
526 1757 591 1826 άπο
607 1762 773 1846 πατρίδος,
792 1756 899 1843 ἄνδρα
914 1754 1139 1842 κατακτάς,335

194 1856 324 1945 γνωτόν
339 1866 498 1944 μητρυιῆς
509 1853 707 1944 Ἐριώπιδος,
724 1854 766 1944 ἢν
783 1853 824 1943 ἔχ’
838 1854 979 1936 Ὀιλεύς·

189 1955 293 2039 Ἰασος
308 1950 379 2026 αύί
395 1955 495 2045 άρχὸς
510 1957 570 2044 μὲν
583 1957 771 2044 Ἀθηναίων
781 1960 941 2043 ἐτέτυκτο,

197 2057 266 2138 υίὸς
283 2060 319 2128 δὲ
334 2056 485 2145 Σφήλοιο
502 2059 678 2126 καλέσκετο
694 2059 910 2126 Βουκολίδαο.

196 2165 350 2245 Μηκιστῆ
367 2154 398 2225 δ’
416 2159 469 2226 ἕλε
484 2156 718 2242 Πουλυδάμας,
732 2154 839 2242 Ἐχίον
854 2157 890 2225 δὲ
905 2161 1049 2244 Πολίτης

196 2258 310 2345 πρώτη
329 2259 365 2325 ἐν
382 2254 513 2347 ὑσμίνη,
530 2263 678 2325 Κλονίον
694 2254 726 2324 δ’
743 2257 796 2325 ἐλε
812 2260 881 2336 δῑος
894 2254 1052 2345 Ἀγήνωρ.
1093 2269 1142 2324 δλο
1183 2257 1184 2332 λ

197 2363 343 2444 Δηΐοχον
360 2359 395 2426 δὲ
409 2356 517 2442 Πάρις
532 2357 614 2444 βάλε
629 2363 760 2426 νείατον
778 2348 871 2443 ώμον
886 2355 1032 2426 ὄπισθεν
1183 2357 1184 2370 ’

196 2452 350 2542 φεύγοντ’
367 2458 403 2524 ἐν
419 2455 627 2544 προμάχοισι,
645 2453 763 2542 διαπρό
780 2459 816 2524 δέ
830 2453 956 2542 χαλκόν
972 2462 1117 2526 ἔλασσεν.

227 2553 320 2643 ’Όφβ
340 2560 373 2624 οί
386 2552 466 2635 τούς
481 2557 633 2643 ἐνάριζον
649 2552 703 2623 άτί
721 2561 825 2642 ἐντεα,
838 2555 946 2642 τόφρα
958 2553 989 2623 δ’
1006 2553 1124 2641 Ἀχαιοὶ

196 2656 310 2745 τάφρῳ
330 2658 385 2724 καὶ
401 2657 623 2724 σκολόπεσσιν
638 2655 868 2743 ἐνιπλήξαντες
884 2653 1009 2744 όρυκτῆ

196 2759 280 2822 ἔνθα
295 2757 350 2822 καὶ
367 2760 452 2822 ἐνθα
468 2756 621 2841 φέβοντο,
640 2753 760 2850 δύοντο
777 2755 813 2824 δὲ
829 2768 931 2841 τελχος
946 2753 1080 2843 ἀνάγκη.
1094 2768 1145 2823 345

188 2850 312 2938 Ἕκτωρ
330 2855 366 2924 δὲ
385 2853 555 2937 Τρώεσσιν
573 2856 722 2923 ἐκέκλετο
738 2853 868 2941 μακρὸν
885 2851 990 2932 άύσας

237 2953 392 3038 ,,Νηυσὶν
407 2952 651 3039 ἐπισσεύεσθαι,
668 2955 727 3022 ἐᾶν
743 2950 775 3020 δ’
794 2958 897 3036 ἐναρα
913 2952 1107 3040 βροτόεντα·

197 3046 236 3120 όν
252 3048 285 3118 δ’
302 3045 346 3118 άν
360 3048 449 3137 ε’γόνν
464 3050 638 3121 άπάνενθε
652 3060 740 3121 νεών
756 3054 895 3138 ἑτέρωθι
910 3053 1032 3140 νοήσω,

196 3148 301 3218 αὐτοῦ
317 3154 351 3219 οί
363 3150 514 3220 θάνατον
529 3158 714 3240 μητίσομαι,
732 3150 813 3220 ούδέ
825 3177 869 3220 νυ
885 3151 984 3238 τόνγε

196 3255 320 3332 γνωτοί
333 3275 367 3316 τε
382 3256 508 3335 γνωταί
520 3277 554 3318 τε
571 3249 678 3336 πυρός
694 3251 856 3337 λελάχωσι
870 3251 1031 3339 θανόντα,
1093 3269 1144 3322 ³511

198 3343 281 3413 ἀλλὰ
297 3347 397 3424 κύνες
413 3347 549 3431 ἐρύουσι
563 3345 627 3433 πρὸ
645 3348 761 3430 άστεος
775 3347 980 3437 ήμετέροιο.“

242 3437 302 3521 Ὣς
318 3442 419 3512 είπών
435 3446 566 3532 μάστιγι
582 3448 779 3534 κατωμαδόν
796 3448 918 3536 ήλασεν
934 3452 1062 3528 ἵππους,
