2492 3920
494 257 701 308 mansueto.
1052 255 1103 308 vn

106 421 263 482 universas
278 420 322 479 ita
335 424 537 498 pertractatas
551 415 718 476 habeamus
731 423 766 474 ut
776 410 850 494 quid
861 411 1019 474 veteribus
1029 431 1101 494 poe·

108 506 144 564 tis
161 504 330 585 placuerit,
347 500 422 581 quid
441 500 630 579 grammatici
651 500 795 560 finxerint
815 505 868 558 aut
882 497 998 558 librarii
1011 495 1101 558 modo

107 589 233 648 consilio
247 587 337 648 modo
350 603 422 646 casn
439 585 656 658 commiserint,
673 583 756 644 clare
767 581 1100 663 ubiquaperspiciatur.

104 669 172 750 Quo
193 669 363 751 siquando
387 678 568 748 perventum
589 669 697 744 inerit,
724 667 872 728 derebus
892 667 995 727 multis
1010 667 1101 728 aliter

104 773 194 836 quam
216 766 298 815 nnnc
318 754 353 814 tit
368 752 570 831 judicandum
592 771 661 813 esse
684 749 845 833 apparebit
870 750 1100 832 urendumque

102 856 141 899 ue
157 838 364 918 grammaticis
383 837 538 898 veteribus
553 837 623 918 plus
637 854 730 918 quam
743 843 897 896 merantur
910 835 1099 896 auctoritatis

102 923 263 986 tribuatur.
294 921 356 1001 Qui
372 941 464 1002 qnnm
484 923 661 1002 saepissime
681 921 760 981 inter
780 940 814 981 se
836 919 895 999 ipsi
918 919 1100 980 dissentiant

102 1007 310 1088 falsarumque
337 1007 512 1085 opinionum
544 1013 713 1066 commenta
743 1003 833 1066 modo
857 1003 989 1084 probent
1010 1002 1100 1063 modo

101 1090 300 1170 redarguant,
315 1090 402 1151 uobis
418 1106 539 1171 quoque
553 1091 606 1171 qui
617 1089 708 1150 hodie
720 1089 851 1150 vivimus
863 1097 990 1169 arteque
1000 1108 1098 1167 gram·

102 1177 216 1236 marica
235 1175 276 1236 ad
291 1175 511 1256 perfectionem
534 1174 629 1234 multo
654 1175 799 1253 maj0rem
827 1172 961 1233 adducta
987 1174 1099 1233 utimur

100 1257 266 1321 dissentire
281 1262 320 1320 ab
335 1260 397 1320 illis
417 1258 523 1320 licebit
537 1259 591 1318 ubi
601 1255 719 1336 judicio
734 1277 796 1319 non
809 1267 896 1318 racto
909 1259 957 1318 usi
972 1277 1039 1318 esse
1052 1257 1097 1316 vi·

101 1343 241 1404 deantur.
273 1345 372 1424 Quam
386 1344 559 1404 libertatem
573 1363 665 1423 quum
680 1344 748 1404 aliis
763 1343 795 1404 ln
808 1342 899 1402 rebus
913 1351 976 1402 tum
991 1342 1023 1401 in
1038 1342 1097 1401 ior·

98 1430 154 1489 mis
168 1431 380 1510 pronominum
395 1429 468 1505 ηῖιῦ
487 1436 518 1488 et
533 1429 605 1504 {sp-o
625 1427 700 1487 mihi
722 1429 829 1502 sumai,
852 1445 930 1506 quas
950 1445 1098 1504 pamma·

99 1511 153 1571 tici
166 1521 290 1574 veteres
302 1514 347 1574 sic
358 1511 564 1572 distinxerunt
575 1519 609 1570 ut
621 1501 695 1587 ἡμῖν
706 1519 738 1572 et
749 1501 823 1586 ὑμῖν
836 1511 1096 1586 ombotcnumeua,

101 1585 173 1672 ”μιν
184 1617 260 1658 vero
272 1605 302 1658 et
312 1587 460 1673 ὅμιννοῙ,
475 1595 528 1655 nbi
542 1595 682 1676 syllabae
699 1595 788 1655 alteri
801 1593 888 1655 brevi
902 1595 988 1656 locus
1007 1603 1096 1670 esset,

98 1701 172 1756 ημιν
199 1690 230 1741 et
249 1665 322 1758 ὗμιν
344 1680 488 1740 enclitica
505 1688 622 1740 essent:
646 1697 737 1760 quarn
752 1678 921 1740 docuinam
935 1688 1005 1760 post
1019 1679 1097 1738 alios

101 1765 246 1844 exposuit
268 1765 414 1825 Lehrsius
434 1765 467 1823 iu
487 1763 726 1842 quaestionibus
748 1763 855 1844 Epicis
875 1783 906 1843 p.
932 1761 1001 1824 123.
1026 1761 1095 1823 124.

99 1847 164 1926 ligo
195 1868 270 1909 vero
298 1857 401 1930 spreta
422 1849 506 1907 inani
530 1845 698 1908 subtilitate
718 1855 857 1908 veterum
876 1848 1096 1926 magistrorum,

98 1952 224 2011 quornm
238 1933 378 1993 nonnulli
391 1951 427 1992 ec
442 1950 539 2012 usque
550 1933 758 2011 perversitatis
773 1941 984 2012 processerunt
994 1940 1029 1992 nt
1044 1951 1095 1992 en·

99 2017 236 2076 cliticum
257 2017 334 2077 adeo
353 2006 447 2075 αὐτόν
468 2018 764 2076 comminiscerentur
782 2015 834 2094 (11.
852 2015 993 2090 imos.
1015 2008 1096 2090 κόψε

96 2093 152 2178 γάρ
171 2091 264 2159 miror
279 2097 383 2178 ἔχοντα
398 2088 475 2158 κατὰ
488 2100 599 2174 στῆθος
618 2088 700 2178 rcupdt
721 2093 852 2178 δεινήν),
884 2095 958 2176 ἡμῖν
978 2109 1009 2161 et
1021 2089 1095 2177 ὑμῖν

95 2187 220 2244 servavi
234 2185 288 2245 ubi
306 2193 434 2245 metrum
448 2183 616 2262 spondeum
631 2185 683 2244 vel
697 2185 867 2264 postularet
883 2185 936 2244 vel
953 2184 1093 2246 admitte·

94 2277 155 2345 ret,
171 2259 319 2340 ὀξυτόνως
329 2286 402 2330 vere
415 2269 524 2348 scripsi
538 2269 592 2329 ubi
606 2267 742 2329 trochaei
756 2287 898 2329 mensura
913 2287 987 2349 opus
1003 2276 1093 2344 esset,

100 2361 128 2411 ut
143 2343 220 2429 ἆμίν
236 2358 267 2412 et
283 2342 356 2430 ὑμίν
366 2353 535 2414 Dorienses
551 2352 710 2427 dixerunt,
725 2354 812 2414 velut
822 2351 860 2412 Il.
876 2352 1006 2428 17,415.
1020 2353 1093 2414 117.

181 2420 320 2511 destos,
338 2426 373 2496 ori
388 2424 449 2513 pedes
463 2426 538 2513 ἡμὶν
554 2431 671 2509 ἐϋκλεὲς
684 2428 876 2497 ἀπονέεσθαι
892 2469 935 2483 -

178 2519 253 2579 πᾶσι
263 2513 363 2598 χάνοι·
378 2513 415 2580 sd
429 2540 481 2581 κεν
494 2511 568 2598 ἡμὶν
583 2511 665 2598 dorp
679 2510 756 2581 nolti
770 2527 889 2600 superor
904 2519 960 2596 εἴη.

94 2603 288 2685 eandemque
309 2604 411 2683 legem
434 2606 466 2665 in
479 2607 578 2685 poetis
594 2608 739 2680 scenicis,
761 2606 905 2666 libertate
926 2605 981 2665 illa
995 2605 1093 2664 rarius

92 2690 172 2760 usis,
187 2697 407 2765 cumebertus,
423 2689 461 2750 de
476 2689 586 2771 quibus
602 2690 667 2750 diri
682 2691 721 2750 ad
737 2689 893 2770 Aristoph.
904 2690 965 2750 Av.
977 2709 1007 2750 v.
1020 2685 1092 2748 386.

91 2771 165 2832 Non
184 2775 284 2852 magis
304 2773 494 2853 probandum
517 2774 600 2854 quod
621 2776 811 2854 grammatici
832 2776 924 2835 etiam
947 2774 1093 2852 genitivis

90 2845 181 2930 ἡμῶν
205 2847 308 2934 ἡμέων
328 2865 360 2918 at
385 2847 472 2934 ὑμῶν
494 2848 595 2934 ὑμέων
618 2860 748 2920 enclisin
769 2857 908 2919 adhiberi
928 2858 1093 2918 voluerunt

89 2949 224 3001 retracto
238 2951 367 3002 accentui
382 2931 468 3018 ἤμων
484 2932 585 3019 ἥμεων
602 2952 633 3003 et
647 2933 733 3021 dpuv
746 2933 847 3018 ὅμκων
859 2963 920 3004 nno
932 2941 1092 3020 alteroque

88 3025 160 3122 loco
174 3025 346 3086 scribendis
361 3029 535 3129 pariterq'ne
561 3030 737 3088 accusative
758 3019 837 3104 ἥμας
855 3018 933 3105 ὅμας
947 3027 1000 3088 vel
1013 3009 1092 3101 ἧμας

88 3129 169 3184 νμας
183 3121 240 3190 pro
256 3111 378 3192 vulgari
391 3101 472 3188 ἡμᾶς
486 3111 581 3189 υμᾶς,
604 3114 657 3173 vel
670 3114 776 3174 lonico
795 3103 887 3187 ἡμέας
901 3101 1007 3187 ὑμέας,
1030 3129 1090 3190 quo

89 3196 172 3272 epici
195 3197 288 3256 etiarn
309 3195 477 3278 dissyllaba
498 3205 638 3272 utuntur,
661 3198 748 3257 velut
769 3195 968 3270 11.13,114.
998 3183 1091 3272 ἡμέας

87 3273 118 3355 μ’
144 3269 182 3338 ον’
204 3294 268 3352 πως
289 3276 349 3338 tert
370 3277 544 3358 μεθιέμεναι
563 3279 711 3357 ννο1ἐμοιο.
747 3281 928 3342 Accusativi
950 3279 1091 3360 syllabae

88 3363 218 3424 alteriue
242 3373 400 3444 correptae
421 3385 515 3426 unum
535 3369 567 3426 ln
591 3375 656 3426 tota
671 3366 857 3427 Graecorum
877 3365 963 3443 poesi
988 3383 1090 3423 exem·

86 3447 173 3525 plum
189 3456 306 3523 exstat,
323 3449 405 3529 apud
418 3451 583 3510 Homerum
600 3450 711 3531 Odyss.
729 3448 776 3524 16,
794 3445 865 3508 372.

176 3525 355 3616 Τηλεμάχῳ,
370 3525 440 3610 μηδ’
458 3516 537 3610 ἧμας
551 3515 736 3608 desaeviret·
758 3522 795 3589 od
810 3517 868 3606 yde
883 3519 937 3586 dior
952 3557 1003 3582 -.

1 3840 264 3889 k—ss-nm
