2492 3920
192 242 241 290 xx
529 221 804 282 sustuleru.

194 395 261 450 runt,
279 394 390 452 votaque
408 403 453 454 pro
470 387 552 439 saluto
569 391 666 456 patriae
683 393 828 454 nuncupant
846 382 1022 452 (nst—³11).
1045 387 1147 438 lnterlrn

194 457 292 525 Hector¹
305 457 373 507 domi
400 457 557 508 decidentem
579 459 696 510 Paridem
719 455 877 522 obiurgando
900 457 927 506 iu
949 455 1029 504 aciem
1050 455 1147 506 reducit

194 522 380 592 (sin-amu
399 541 505 576 uxorem
516 527 720 588 Andromachen,
739 529 765 576 in
777 525 883 576 aedibus
895 523 948 574 suis
960 523 1054 574 frustra
1070 539 1147 586 qnae·

195 595 279 656 sitam,
296 595 399 645 tandem
415 595 478 645 urbe
496 596 629 660 egrediens
647 597 680 646 ad
691 601 789 661 portam
803 591 909 644 Scaeam
925 607 977 642 una
995 608 1052 642 curn
1067 608 1146 658 puero

196 664 348 729 Astyanacte
366 663 468 715 obviam
486 662 562 715 habet
580 672 656 729 atque
673 665 789 714 ultimm
807 662 942 726 alloquitur
959 657 1145 728 (369-502).

170 739 175 744 '
196 731 255 783 Mox
271 733 373 785 iratrem
392 733 418 782 in
436 733 478 783 via
497 739 607 784 armatus
625 733 786 797 consequitur
802 730 872 782 Paris
890 726 1064 796 (sos-529).

542 905 543 909 ,
638 849 697 918 vll.

264 935 383 998 Achivos,
403 939 491 1001 aequis
507 937 589 987 adhuc
606 951 652 987 seu
666 951 726 1002 pros
747 937 795 986 eris
813 938 888 986 armis
907 943 1038 996 certantes,
1057 943 1147 999 urgent

196 1004 287 1055 Hector
304 1013 327 1055 et
344 1006 415 1056 Paris
432 1007 459 1057 in
475 1005 599 1071 proelium
615 1006 710 1057 reversi
721 951 850 1072 ll—16):
868 1005 937 1068 quod
951 1013 979 1054 ut
995 1003 1097 1054 tandem
1112 1003 1149 1053 di-

198 1074 311 1134 rimatur,
331 1075 362 1124 de
380 1074 508 1126 Minervae
527 1082 551 1125 et
565 1073 690 1140 Apollinis
708 1074 822 1136 consilio,
839 1072 975 1138 lielenlqne
991 1086 1079 1132 suasu,
1098 1071 1149 1122 ior·

197 1143 311 1193 tissimus
335 1145 442 1207 quisque
468 1145 499 1193 ab
517 1143 621 1193 Hectore
644 1143 677 1194 ad
699 1157 811 1209 pugnam
828 1142 982 1208 singularem
999 1146 1149 1208 provocatur

197 1206 352 1277 (tt-91).
387 1211 537 1272 Menelaum,
556 1213 645 1275 quise
664 1209 772 1262 alacrem
788 1211 906 1273 ostendit,
925 1211 1014 1262 ceteris
1032 1216 1149 1260 cunctan-

198 1280 275 1342 tibus,
295 1280 402 1331 deterret
419 1281 577 1348 Agamemno
596 1277 760 1345 (intutu
779 1295 851 1341 mox,
870 1295 886 1330 a
902 1278 1009 1330 Nestore
1026 1278 1148 1344 instigati,

199 1357 306 1416 surgunt
322 1351 356 1400 ad
372 1349 542 1401 dhnlcandum
557 1363 648 1400 novem
666 1347 774 1409 hero'e's,
793 1365 826 1400 ex
843 1349 934 1412 quibus
952 1349 1027 1399 sortis
1045 1353 1149 1398 eventus

200 1417 316 1483 designat
332 1419 436 1470 Aiacem
451 1418 623 1470 Telamonium
641 1415 816 1482 (lis-nos).
844 1417 1050 1484 (longrediuntur¹
1060 1415 1151 1465 Hector

200 1493 224 1536 et
240 1487 314 1546 Aiax,
333 1487 471 1550 acriterque
488 1488 642 1553 depugnant,
660 1487 740 1538 donec
757 1488 804 1537 sub
822 1493 930 1548 noctem,
948 1486 1044 1538 viribus
1062 1499 1147 1549 pares,

200 1555 266 1606 datis
283 1555 391 1605 invicem
408 1557 562 1616 muneribus,
581 1556 713 1606 discedunt
728 1553 904 1621 (nos—sm.
923 1556 951 1605 ln
968 1554 1050 1619 epulis
1067 1552 1139 1618 publi

200 1623 236 1672 cis
252 1621 343 1673 Nestor
358 1631 443 1674 censet
459 1616 565 1689 corpora
582 1637 713 1674 caesorum
731 1623 876 1690 sepelienda
894 1630 919 1674 et
936 1632 1019 1673 castra
1036 1623 1151 1672 munien-

201 1690 246 1740 da:
263 1691 289 1738 in
305 1690 469 1742 Troianorum
487 1693 606 1742 concione
624 1693 753 1754 Antenori,
769 1693 840 1757 pacis
857 1701 881 1742 et
895 1691 1003 1742 Helenae
1021 1706 1078 1740 cum
1096 1691 1151 1754 opi-

200 1759 248 1808 bus
266 1760 435 1810 restituendae
453 1761 565 1820 auctcri,
583 1762 719 1826 respondet
736 1761 821 1820 Paris,
838 1760 899 1810 nihil
917 1775 945 1810 se
961 1768 1060 1826 praeter
1079 1773 1150 1824 opes,

201 1827 248 1876 sed
265 1842 308 1877 eas
324 1830 433 1894 propriis
452 1829 565 1888 adiectis,
582 1830 738 1879 redditurum
757 1826 931 1894 (sis-364).
964 1829 1030 1878 Illud
1046 1841 1150 1892 respon-

201 1909 259 1946 sum
276 1895 353 1946 altero
372 1897 413 1946 die
430 1897 544 1948 Priamus
563 1898 596 1947 ad
612 1897 722 1948 Achivos
740 1899 861 1963 perferri,
880 1907 968 1960 atque,
987 1903 1015 1946 ut
1032 1897 1149 1946 Troiano-

201 1979 257 2013 rum
274 1981 375 2029 quoque
391 1981 496 2030 corpora
513 1973 660 2027 crementur,
678 1967 794 2018 inducias
811 1966 869 2016 iniri
885 1967 955 2016 iubet
973 1961 1150 2029 (365—420).

201 2032 261 2082 Post
277 2032 340 2084 luaec
357 2035 512 2099 sepulturam
529 2042 616 2085 curant
632 2035 731 2099 utrique
745 2050 858 2096 sucrum,
877 2035 952 2084 simul
967 2033 1057 2084 Achivi
1073 2047 1149 2082 nnva-

201 2101 236 2152 lia
253 2117 300 2152 sua
318 2117 388 2153 muro
407 2103 526 2166 fossaque
544 2105 665 2169 cingunt3
684 2119 749 2166 quae
767 2118 845 2168 opera
860 2103 990 2169 Neptunus
1008 2103 1073 2152 inter
1090 2102 1150 2151 deos

202 2184 253 2220 nou
270 2172 325 2221 sine
341 2171 514 2236 indignatione
531 2173 635 2222 miratur
653 2169 837 2238 (tul-464).
877 2171 986 2222 Coenam
1001 2185 1053 2220 nox
1068 2170 1152 2233 sequi·

202 2246 243 2287 tur
260 2241 346 2290 minax
361 2241 494 2290 tonitribus
513 2237 690 2305 (tos-482).

642 2357 714 2424 lllll.

269 2441 335 2491 Deos
354 2442 387 2492 sd
406 2443 537 2493 concilium
555 2450 659 2493 vocatos
677 2441 879 2507 vetatiupptter
902 2441 984 2490 neutri
1006 2438 1103 2504 populo
1127 2440 1153 2488 in

204 2510 257 2560 acie
275 2510 381 2570 adesse,
400 2527 523 2576 curruque
540 2511 640 2562 vehitur
657 2511 691 2562 ad
707 2511 778 2560 idam
794 2507 918 2574 (1-52).
953 2509 1014 2558 Inde
1031 2507 1154 2574 prospicit

203 2595 277 2628 mane
296 2579 371 2628 dubia
389 2579 494 2630 victoria
511 2591 653 2646 pugnantes
670 2580 809 2640 exercitus,
833 2577 924 2628 deinde
942 2576 1048 2626 fortunis
1066 2590 1152 2626 eorum

205 2647 277 2697 fatali
292 2647 363 2697 lance
380 2649 521 2712 pensitatis,
541 2649 694 2712 deiectisque
712 2646 869 2708 fulminibus,
888 2645 965 2696 exitia
976 2643 1079 2696 Achivis
1096 2659 1152 2709 por·

203 2717 283 2766 tendit
301 2713 453 2781 (ss-77).
489 2717 523 2766 lis
540 2727 622 2780 usque
640 2717 673 2766 ad
688 2717 843 2766 munimenta
861 2713 999 2782 compulsis
1015 2713 1155 2764 adiutorem

204 2784 348 2850 Neptunum
370 2785 431 2834 Iuno
450 2785 543 2836 lrustre
568 2787 677 2851 expetit;
700 2801 760 2836 mox
782 2783 939 2834 inclamando
957 2783 1055 2832 animos
1072 2781 1155 2831 reddit

205 2853 377 2918 Agamemno,
400 2861 424 2904 et
441 2856 578 2919 propitium
593 2855 678 2906 Iovem
697 2860 822 2904 ostentum
845 2853 970 2918 slgnlllcat
985 2847 1154 2916 (ts-rso).

205 2921 258 2970 Iam
274 2921 374 2981 Achivi,
392 2921 547 2985 aliquamdiu
564 2923 717 2988 superiores,
734 2937 800 2973 noro
817 2922 913 2987 impetn
930 2919 1055 2985 repellunt
1070 2919 1155 2968 Troia-

205 3004 262 3049 nos,
280 3004 386 3052 quorum
403 2990 495 3040 multos
513 2993 612 3057 sagittis
632 2991 733 3056 conligit
751 2991 853 3051 Teucer,
871 2990 983 3041 vicissim
1001 2988 1032 3038 ab
1050 2986 1155 3037 Hectore

205 3055 532 3125 vulneratust251-334).
553 3061 649 3110 Rursus
666 3062 691 3110 in
708 3060 795 3125 fugam
812 3065 942 3108 vertuntur
958 3055 1059 3115 Achivi,
1079 3071 1155 3118 quum

206 3128 267 3178 luno
287 3134 311 3176 et
326 3125 437 3178 Minerva
453 3129 541 3179 auxilii
563 3129 659 3179 iercudl
683 3143 773 3178 caussa
796 3126 895 3176 Troiam
913 3125 1035 3192 proficisci
1051 3133 1156 3188 pernnt3

207 3196 253 3246 sed
271 3203 419 3260 conspectas
438 3198 522 3246 statim
541 3213 572 3247 ax
589 3205 673 3246 monte
691 3196 804 3262 luppiter
824 3211 871 3260 per
887 3196 937 3244 Irin
954 3193 1037 3242 reiicit
1055 3190 1157 3256 (335-

206 3261 283 3329 437).
308 3264 366 3328 lpse
382 3265 416 3315 ad
433 3263 566 3331 Olympum
582 3279 698 3316 reversus
716 3272 875 3314 contumaces
893 3263 953 3312 deas
969 3261 1021 3311 aori
1040 3261 1158 3328 obiurga-

207 3333 275 3382 tione
290 3333 409 3394 inceseit,
432 3332 535 3383 Achivis
561 3335 636 3383 etiam
654 3334 763 3383 maiores
786 3331 870 3381 clades
895 3332 921 3380 ln
936 3331 1073 3380 crastinum
1091 3330 1157 3380 diem

207 3401 316 3450 minatur
328 3397 503 3465 (sss-484).
522 3402 603 3452 Finita
614 3403 645 3452 cb
658 3411 756 3452 noctem
769 3401 928 3449 dimicatione
945 3398 1082 3460 habitaque
1100 3414 1157 3448 con·
1229 3433 1230 3446 ,

210 3469 280 3518 aione
294 3468 394 3518 Troiani
410 3470 518 3518 victores
534 3470 560 3518 in
576 3471 632 3534 ipsc
649 3470 738 3534 proelii
754 3469 809 3520 loco
829 3467 947 3519 excubias
979 3467 1104 3516 bsidionis
1122 3469 1156 3516 in
