2470 3926
348 335 354 346 x
409 253 627 320 ιπικαοε
652 263 750 320 xxm.
993 262 1054 324 εεο

97 417 261 489 άδάνατοί
277 445 312 488 τε
328 420 393 506 γάρ
410 424 484 506 είσχ,
500 422 698 488 Ποσειδάων
720 421 753 489 δ’
771 419 860 507 έπορ’
879 419 1004 503 αὐτοὺς

105 519 195 604 ,τατρδ
212 521 281 608 έμῷ
297 524 417 606 Πηλῆϊ,
435 514 453 586 ὁ
472 516 505 584 δ’
524 510 595 586 αὖτ’
610 522 683 606 έμοί
698 522 898 608 ἐγγυάλιξεν.

96 613 164 685 ἄλλ’
180 615 253 704 ἤτοι
272 615 335 702 μὲν
352 614 415 702 έγιδ
435 621 541 703 μενέω
558 619 614 686 καὶ
631 619 782 706 μάνυχες
796 623 908 690 ἵπποι·

95 723 187 784 τοίου
201 712 268 802 γὰρ
285 715 381 794 κλέος
397 713 522 796 έσθλδν
539 713 717 786 άπάλεσαν
732 717 891 807 ἡνιόχοιο,
997 735 1052 792 λδο

95 813 204 902 ἠπίου,
222 811 242 881 δ’
259 827 370 898 σφωιν
385 813 474 900 μάλα
492 813 650 896 πολλάκις
667 813 775 904 δγρδν
792 825 905 887 έλαιον

94 913 237 1000 χαιτάων
254 917 419 1002 κατέχευε,
436 919 574 994 λοέσσας
590 913 689 984 ὕδατι
705 926 823 1008 λευκῷ.

95 1015 154 1082 τὸν
168 1010 245 1100 τόγ’
264 1012 416 1092 ἑσταότες
433 1019 638 1101 πενθείετον,
657 1012 752 1084 οὔδει·
767 1018 805 1084 δέ
821 1036 903 1103 σφιν

94 1126 198 1198 χαῖται
214 1115 418 1200 ἐρηρέδαται,
435 1111 482 1181 τιδ
500 1110 532 1182 δ’
550 1113 688 1184 ἕστατον
704 1114 880 1203 ἀχνυμένω
896 1125 969 1205 κῆρ.

93 1211 184 1284 ἄλλοι
201 1213 239 1281 δὲ
256 1214 434 1280 στέλλεσθε
450 1211 533 1281 κατά
551 1211 706 1301 στρατὸν,
725 1214 815 1296 ὅστις
830 1215 969 1304 Ἀχαιων
996 1233 1047 1288 νδσ
1090 1264 1095 1274 ·

92 1315 241 1381 ἵπποισίν
256 1339 292 1380 τε
309 1317 450 1384 πέποιθε
466 1313 522 1380 καὶ
539 1311 663 1400 ἅρμασι
678 1323 921 1402 κολλητοῖσιν.“

133 1409 195 1493 Ὦς
210 1412 298 1500 φάτο
315 1417 491 1500 Πηλείδης,
508 1417 618 1498 ταχέες
635 1411 668 1480 δ’
687 1417 805 1501 ἱππῆες
821 1413 976 1500 ἄγερθεν.

92 1504 175 1599 άρτο
195 1510 286 1579 πολὺ
302 1519 432 1597 πρῶτος
448 1512 510 1599 μὲν
527 1511 610 1592 ἅναξ
627 1511 761 1600 άνδρεδν
776 1512 942 1603 Εὔμηλος,

90 1609 250 1699 Ἀδμήτου
266 1616 364 1697 φίλος
379 1608 462 1697 υίὸς,
480 1607 518 1690 δς
535 1611 705 1700 ίιιποσάνη
721 1615 892 1680 έιιέκαστο·

90 1718 135 1799 τῷ
151 1707 182 1778 δ’
200 1712 256 1778 ἐπὶ
275 1713 436 1797 Τυδείδης
452 1703 538 1798 ὦρτο
555 1709 717 1797 κρατερδς
733 1713 916 1800 Διομήδης,
994 1729 1047 1783 29⁰

89 1815 211 1891 ἵππους
229 1812 266 1880 δέ
286 1807 423 1897 Τρωοδς
438 1809 547 1896 ὕπαγε
564 1808 675 1898 λυγδν,
693 1811 754 1891 οὕς
769 1808 838 1879 ποτ’
861 1811 996 1899 άπηάρα

90 1915 244 1996 Αἰνείαν,
255 1907 340 1996 άτὰρ
357 1907 462 1978 αὐτὸν
478 1905 709 1990 ὑπεξεσάωσεν
720 1910 899 1980 Ἀπόλλων.

92 2017 132 2099 τῷ
150 2009 182 2077 δ’
201 2006 253 2095 ἄρ’
273 2005 320 2078 §A
336 2007 503 2095 Ἀτρείδης
521 2001 607 2095 ὦρτο
625 2009 749 2090 ξανθὸς
765 2013 940 2090 Μενέλαος

84 2109 257 2195 διογενὴς,
284 2106 351 2176 ὑπὸ
371 2111 407 2176 δέ
423 2106 527 2194 ζυγὸν
543 2108 670 2195 ἤγαγεν
687 2108 793 2188 άκέας
807 2113 941 2195 ἵππους,

90 2219 202 2296 Λίθην
222 2205 287 2296 τὴν
301 2206 567 2296 Ἀγαμεμνονέην
582 2207 644 2277 τδν
660 2209 719 2278 έόν
734 2234 769 2277 τε
786 2207 979 2296 Πόδαργον·
991 2223 1042 2280 295
1151 2287 1156 2297 ,

81 2305 148 2394 ’τὴν
161 2307 383 2403 Ἀγαμέμνονι
403 2305 479 2376 δῶκ’
492 2304 699 2396 Ἀγχισιάδης
712 2306 893 2394 Ἐχέπωλος

88 2403 180 2494 δῶρ’,
193 2411 252 2476 ἵνα
269 2405 315 2494 μή
334 2409 368 2475 οί
381 2405 492 2476 ἕποιθ’
511 2404 578 2475 ὑπὸ
591 2407 696 2476 Ἴλιον
711 2407 928 2496 ἠνεμόεσσαν,

90 2501 155 2573 ἀλλ’
175 2503 284 2573 αὐτοῦ
298 2509 450 2589 τέρποιτο
468 2509 594 2591 μένων·
612 2511 696 2593 μέγα
712 2507 778 2594 γάρ
796 2510 829 2575 οέ
845 2512 970 2578 ἔδωκεν

89 2602 170 2684 Ζευς
186 2604 324 2692 άφενος,
341 2617 436 2672 ναλεν
452 2602 483 2670 δ’
503 2602 549 2690 ὅγ’
569 2609 607 2674 έν
623 2603 795 2696 εὐρυχόρῳ
812 2615 979 2678 Σικυῶνι·

88 2705 146 2792 τὴν
161 2703 210 2791 ὅγ’
223 2701 291 2772 ὑπὸ
310 2702 412 2790 ζυγέν
427 2695 499 2791 ἦγε,
517 2709 600 2791 μέγα
618 2705 747 2794 δρόμου
763 2705 1044 2791 ἰσχανόωσανδθο

85 2801 268 2889 Ἀντίλοχος
285 2802 321 2871 δὲ
338 2807 492 2889 τέταρτος
509 2805 659 2892 ἐΰτριχας
676 2803 838 2874 ὡπλίοαθ’
858 2810 990 2893 ἵππους,

87 2904 255 2991 Νέστορος
269 2901 394 2990 άγλαδς
410 2904 493 2990 υίὸς,
510 2902 721 2991 ὑπερθύμοιο
738 2903 891 2990 ἄνακτος,

87 3010 146 3069 τοῦ
161 3002 377 3090 Νηληϊάδαο·
401 3007 620 3090 Πυλοιγενέες
636 3007 676 3071 δέ
690 3007 726 3070 οί
737 3006 833 3070 ἵπποι

89 3096 260 3182 άκάποδες
278 3106 385 3191 φέρον
400 3101 500 3190 άρμα.
533 3099 641 3188 πατὴρ
661 3103 700 3169 δέ
713 3099 837 3186 οίάγχι
854 3100 1023 3186 παραστάς

86 3199 215 3284 μυθεῖτ’
231 3207 279 3282 είς
296 3190 410 3287 άγαδά
430 3202 585 3288 φρονέων
602 3203 733 3268 νοέοντι
749 3201 804 3266 καὶ
821 3195 911 3287 αὐτῷ
991 3212 1043 3267 30⁶

127 3297 319 3387 ,,Ἀντίλοχ’,
337 3297 412 3386 ἤτοι
428 3302 491 3386 μέν
507 3318 555 3386 σε,
573 3301 653 3368 νέον
668 3323 731 3383 περ
748 3293 842 3378 ἐόντ’,
859 3299 1023 3383 ἐφίλησαν

87 3399 170 3478 Ζεύς
185 3425 222 3467 τε
238 3396 437 3468 Ποσειδάων
451 3423 497 3485 τε,
516 3401 572 3468 καί
588 3397 776 3476 ἱπποσύνας
791 3398 944 3476 έδίδαξαν
1010 3441 1016 3449 -

17 3501 20 3512 ’
81 3503 258 3577 παντοίας·
280 3505 329 3587 τῷ
347 3503 407 3566 καί
419 3517 456 3565 σε
475 3501 674 3584 διδασκέμεν
691 3494 765 3565 οὔτι
783 3494 871 3582 μάλα
887 3494 986 3583 χρεά·
