<?xml version="1.0" encoding="UTF-8"?>
<!DOCTYPE html PUBLIC "-//W3C//DTD XHTML 1.0 Transitional//EN"
    "http://www.w3.org/TR/xhtml1/DTD/xhtml1-transitional.dtd">
<html xmlns="http://www.w3.org/1999/xhtml" xml:lang="en" lang="en">
 <head>
  <title>
</title>
<meta http-equiv="Content-Type" content="text/html;charset=utf-8" />
  <meta name='ocr-system' content='tesseract 3.04.00' />
  <meta name='ocr-capabilities' content='ocr_page ocr_carea ocr_par ocr_line ocrx_word'/>
</head>
<body>
  <div class='ocr_page' id='page_1' title='image "./homericarminaad01baumgoog_0442.png"; bbox 0 0 2438 3918; ppageno 0'>
   <div class='ocr_carea' id='block_1_1' title="bbox 413 201 1056 270">
    <p class='ocr_par' dir='ltr' id='par_1_1' title="bbox 413 201 1056 270">
     <span class='ocr_line' id='line_1_1' title="bbox 413 201 1056 270; baseline 0.008 -10"><span class='ocrx_word' id='word_1_1' title='bbox 413 202 632 262; x_wconf 81' lang='grc' dir='ltr'><em>ΙΛΙΑΔΟΣ</em></span> <span class='ocrx_word' id='word_1_2' title='bbox 654 205 739 262; x_wconf 85' lang='lat' dir='ltr'>XVII.</span> <span class='ocrx_word' id='word_1_3' title='bbox 994 201 1056 270; x_wconf 77' lang='lat'><em>359</em></span> 
     </span>
    </p>
   </div>
   <div class='ocr_carea' id='block_1_2' title="bbox 81 352 1074 3548">
    <p class='ocr_par' dir='ltr' id='par_1_2' title="bbox 81 352 1074 3548">
     <span class='ocr_line' id='line_1_2' title="bbox 95 352 1001 454; baseline 0.007 -26"><span class='ocrx_word' id='word_1_4' title='bbox 95 352 163 428; x_wconf 85' lang='grc' dir='ltr'><em>ω’σε</em></span> <span class='ocrx_word' id='word_1_5' title='bbox 181 364 266 447; x_wconf 85' lang='grc' dir='ltr'><em>δόρυ</em></span> <span class='ocrx_word' id='word_1_6' title='bbox 283 358 448 448; x_wconf 84' lang='grc' dir='ltr'><em>πρυμνόν,</em></span> <span class='ocrx_word' id='word_1_7' title='bbox 467 358 520 429; x_wconf 87' lang='grc' dir='ltr'><em>διά</em></span> <span class='ocrx_word' id='word_1_8' title='bbox 541 360 576 430; x_wconf 71' lang='grc' dir='ltr'><em>δὲ</em></span> <span class='ocrx_word' id='word_1_9' title='bbox 593 369 750 449; x_wconf 80' lang='grc' dir='ltr'><em>γλιλσσαν</em></span> <span class='ocrx_word' id='word_1_10' title='bbox 768 364 848 453; x_wconf 89' lang='grc' dir='ltr'><em>τάμε</em></span> <span class='ocrx_word' id='word_1_11' title='bbox 865 365 1001 454; x_wconf 87' lang='grc' dir='ltr'><em>με’σσην.</em></span> 
     </span>
     <span class='ocr_line' id='line_1_3' title="bbox 96 459 910 552; baseline 0.006 -24"><span class='ocrx_word' id='word_1_12' title='bbox 96 459 195 548; x_wconf 87' lang='grc' dir='ltr'><em>ήριπε</em></span> <span class='ocrx_word' id='word_1_13' title='bbox 213 459 245 529; x_wconf 88' lang='grc' dir='ltr'><em>δ’</em></span> <span class='ocrx_word' id='word_1_14' title='bbox 261 465 295 542; x_wconf 81' lang='grc' dir='ltr'><em>ἐξ</em></span> <span class='ocrx_word' id='word_1_15' title='bbox 313 459 429 549; x_wconf 80' lang='grc' dir='ltr'><em>όχίων,</em></span> <span class='ocrx_word' id='word_1_16' title='bbox 448 459 530 530; x_wconf 85' lang='grc' dir='ltr'><em>κατά</em></span> <span class='ocrx_word' id='word_1_17' title='bbox 545 461 583 528; x_wconf 85' lang='grc' dir='ltr'><em>’δ’</em></span> <span class='ocrx_word' id='word_1_18' title='bbox 600 459 678 550; x_wconf 81' lang='grc' dir='ltr'><em>ἡνία</em></span> <span class='ocrx_word' id='word_1_19' title='bbox 695 471 792 548; x_wconf 81' lang='grc' dir='ltr'><strong><em>χεῦεν</em></strong></span> <span class='ocrx_word' id='word_1_20' title='bbox 809 469 910 552; x_wconf 76' lang='grc' dir='ltr'><em>ἔραζε.</em></span> 
     </span>
     <span class='ocr_line' id='line_1_4' title="bbox 94 561 1053 651; baseline 0.003 -22"><span class='ocrx_word' id='word_1_21' title='bbox 94 562 152 629; x_wconf 79' lang='grc' dir='ltr'><em>καὶ</em></span> <span class='ocrx_word' id='word_1_22' title='bbox 169 561 250 648; x_wconf 86' lang='grc' dir='ltr'><em>τάγε</em></span> <span class='ocrx_word' id='word_1_23' title='bbox 266 563 443 650; x_wconf 79' lang='grc' dir='ltr'><em>Μηριόνης</em></span> <span class='ocrx_word' id='word_1_24' title='bbox 458 567 578 649; x_wconf 76' lang='grc' dir='ltr'><em>ἔλαβεν</em></span> <span class='ocrx_word' id='word_1_25' title='bbox 593 568 737 648; x_wconf 80' lang='grc' dir='ltr'><strong><em>χείρεσσι</em></strong></span> <span class='ocrx_word' id='word_1_26' title='bbox 756 569 892 651; x_wconf 78' lang='grc' dir='ltr'><em>φίλῃσιν</em></span> <span class='ocrx_word' id='word_1_27' title='bbox 1001 579 1053 635; x_wconf 65' lang='grc'><em>660</em></span> 
     </span>
     <span class='ocr_line' id='line_1_5' title="bbox 92 659 866 750; baseline 0 -22"><span class='ocrx_word' id='word_1_28' title='bbox 92 659 208 742; x_wconf 81' lang='grc' dir='ltr'><strong><em>κύψας</em></strong></span> <span class='ocrx_word' id='word_1_29' title='bbox 223 665 259 731; x_wconf 81' lang='grc' dir='ltr'><em>ἐκ</em></span> <span class='ocrx_word' id='word_1_30' title='bbox 277 668 416 750; x_wconf 89' lang='grc' dir='ltr'><em>πεδίοιο,</em></span> <span class='ocrx_word' id='word_1_31' title='bbox 436 663 491 730; x_wconf 82' lang='grc' dir='ltr'><em>καὶ</em></span> <span class='ocrx_word' id='word_1_32' title='bbox 505 659 673 749; x_wconf 76' lang='grc' dir='ltr'><em>Ἰδομενῆα</em></span> <span class='ocrx_word' id='word_1_33' title='bbox 691 661 866 748; x_wconf 77' lang='grc' dir='ltr'><strong><em>προσηύδα</em></strong></span> 
     </span>
     <span class='ocr_line' id='line_1_6' title="bbox 136 758 977 849; baseline 0 -21"><span class='ocrx_word' id='word_1_34' title='bbox 136 761 295 848; x_wconf 84' lang='grc' dir='ltr'><em>,,Μάστιε</em></span> <span class='ocrx_word' id='word_1_35' title='bbox 312 769 387 849; x_wconf 86' lang='grc' dir='ltr'><em>νῦν,</em></span> <span class='ocrx_word' id='word_1_36' title='bbox 402 765 476 841; x_wconf 79' lang='grc' dir='ltr'><em>εἵως</em></span> <span class='ocrx_word' id='word_1_37' title='bbox 491 787 528 828; x_wconf 88' lang='grc' dir='ltr'><em>κε</em></span> <span class='ocrx_word' id='word_1_38' title='bbox 545 758 631 840; x_wconf 87' lang='grc' dir='ltr'><em>θοάς</em></span> <span class='ocrx_word' id='word_1_39' title='bbox 648 761 702 829; x_wconf 84' lang='grc' dir='ltr'><em>ε’πὶ</em></span> <span class='ocrx_word' id='word_1_40' title='bbox 721 768 801 848; x_wconf 80' lang='grc' dir='ltr'><em>νῆας</em></span> <span class='ocrx_word' id='word_1_41' title='bbox 819 765 923 848; x_wconf 75' lang='grc' dir='ltr'><em>ἵκηαι·</em></span> <span class='ocrx_word' id='word_1_42' title='bbox 970 761 977 768; x_wconf 65' lang='grc'><strong>“</strong></span> 
     </span>
     <span class='ocr_line' id='line_1_7' title="bbox 90 857 1052 947; baseline 0 -19"><span class='ocrx_word' id='word_1_43' title='bbox 90 861 289 946; x_wconf 74' lang='grc' dir='ltr'><em>γιγνώσκεις</em></span> <span class='ocrx_word' id='word_1_44' title='bbox 308 863 343 932; x_wconf 68' lang='grc' dir='ltr'><em>δὲ</em></span> <span class='ocrx_word' id='word_1_45' title='bbox 358 862 413 930; x_wconf 78' lang='grc' dir='ltr'><em>καὶ</em></span> <span class='ocrx_word' id='word_1_46' title='bbox 431 858 531 940; x_wconf 87' lang='grc' dir='ltr'><em>αύτδς</em></span> <span class='ocrx_word' id='word_1_47' title='bbox 560 857 604 928; x_wconf 83' lang='grc' dir='ltr'><em>ὅτ’</em></span> <span class='ocrx_word' id='word_1_48' title='bbox 618 857 729 928; x_wconf 84' lang='grc' dir='ltr'><em>οὐκέτι</em></span> <span class='ocrx_word' id='word_1_49' title='bbox 746 861 867 946; x_wconf 80' lang='grc' dir='ltr'><em>κάρτος</em></span> <span class='ocrx_word' id='word_1_50' title='bbox 880 859 1052 947; x_wconf 69' lang='grc' dir='ltr'><em>ἐσχατιάν.ιι</em></span> 
     </span>
     <span class='ocr_line' id='line_1_8' title="bbox 136 955 1053 1049; baseline -0.001 -21"><span class='ocrx_word' id='word_1_51' title='bbox 136 955 312 1048; x_wconf 77' lang='grc' dir='ltr'><em>Ὣςέφαά,</em></span> <span class='ocrx_word' id='word_1_52' title='bbox 329 957 511 1049; x_wconf 82' lang='grc' dir='ltr'><em>Ἰδομενεύς</em></span> <span class='ocrx_word' id='word_1_53' title='bbox 529 957 562 1027; x_wconf 77' lang='grc' dir='ltr'><em>δ’</em></span> <span class='ocrx_word' id='word_1_54' title='bbox 572 963 692 1046; x_wconf 77' lang='grc' dir='ltr'><em>ἵμασεν</em></span> <span class='ocrx_word' id='word_1_55' title='bbox 710 968 915 1046; x_wconf 78' lang='grc' dir='ltr'><em>καλλίτριχας</em></span> <span class='ocrx_word' id='word_1_56' title='bbox 931 964 1053 1039; x_wconf 78' lang='grc' dir='ltr'><em>ἵππους</em></span> 
     </span>
     <span class='ocr_line' id='line_1_9' title="bbox 91 1059 1051 1150; baseline 0.002 -24"><span class='ocrx_word' id='word_1_57' title='bbox 91 1067 176 1146; x_wconf 78' lang='grc' dir='ltr'><em>νῆας</em></span> <span class='ocrx_word' id='word_1_58' title='bbox 195 1066 248 1128; x_wconf 83' lang='grc' dir='ltr'><em>ε”πι</em></span> <span class='ocrx_word' id='word_1_59' title='bbox 265 1061 456 1148; x_wconf 88' lang='grc' dir='ltr'><em>γλαφυράς·</em></span> <span class='ocrx_word' id='word_1_60' title='bbox 480 1059 520 1146; x_wconf 88' lang='grc' dir='ltr'><em>δή</em></span> <span class='ocrx_word' id='word_1_61' title='bbox 538 1059 601 1146; x_wconf 88' lang='grc' dir='ltr'><em>γάρ</em></span> <span class='ocrx_word' id='word_1_62' title='bbox 620 1064 693 1140; x_wconf 80' lang='grc' dir='ltr'><em>δέος</em></span> <span class='ocrx_word' id='word_1_63' title='bbox 710 1065 829 1147; x_wconf 81' lang='grc' dir='ltr'><strong><em>ἔμπεσε</em></strong></span> <span class='ocrx_word' id='word_1_64' title='bbox 848 1069 957 1150; x_wconf 73' lang='grc' dir='ltr'><em>θυμῷ.</em></span> <span class='ocrx_word' id='word_1_65' title='bbox 999 1076 1051 1130; x_wconf 70' lang='grc' dir='ltr'><em>6θὸ</em></span> 
     </span>
     <span class='ocr_line' id='line_1_10' title="bbox 138 1157 977 1246; baseline 0 -18"><span class='ocrx_word' id='word_1_66' title='bbox 138 1157 223 1228; x_wconf 78' lang='grc' dir='ltr'><em>Οὐδ’</em></span> <span class='ocrx_word' id='word_1_67' title='bbox 244 1157 334 1228; x_wconf 81' lang='grc' dir='ltr'><em>ἔλαθ’</em></span> <span class='ocrx_word' id='word_1_68' title='bbox 354 1167 483 1228; x_wconf 82' lang='grc' dir='ltr'><em>Αίαντα</em></span> <span class='ocrx_word' id='word_1_69' title='bbox 501 1159 709 1246; x_wconf 75' lang='grc' dir='ltr'><em>μεγαλήτορα</em></span> <span class='ocrx_word' id='word_1_70' title='bbox 727 1160 782 1227; x_wconf 83' lang='grc' dir='ltr'><em>καὶ</em></span> <span class='ocrx_word' id='word_1_71' title='bbox 800 1160 977 1228; x_wconf 80' lang='grc' dir='ltr'><em>Μενέλαον</em></span> 
     </span>
     <span class='ocr_line' id='line_1_11' title="bbox 89 1257 925 1346; baseline 0 -20"><span class='ocrx_word' id='word_1_72' title='bbox 89 1257 188 1346; x_wconf 81' lang='grc' dir='ltr'><em>Ζεύς,</em></span> <span class='ocrx_word' id='word_1_73' title='bbox 209 1257 264 1328; x_wconf 84' lang='grc' dir='ltr'><em>ὅτε</em></span> <span class='ocrx_word' id='word_1_74' title='bbox 283 1257 322 1346; x_wconf 88' lang='grc' dir='ltr'><em>δή</em></span> <span class='ocrx_word' id='word_1_75' title='bbox 346 1258 496 1346; x_wconf 75' lang='grc' dir='ltr'><em>Τρώεσσι</em></span> <span class='ocrx_word' id='word_1_76' title='bbox 516 1263 610 1328; x_wconf 91' lang='grc' dir='ltr'><em>δίδον</em></span> <span class='ocrx_word' id='word_1_77' title='bbox 628 1261 802 1345; x_wconf 74' lang='grc' dir='ltr'><em>ἑτεραλκέα</em></span> <span class='ocrx_word' id='word_1_78' title='bbox 819 1265 925 1346; x_wconf 87' lang='grc' dir='ltr'><em>νίκην.</em></span> 
     </span>
     <span class='ocr_line' id='line_1_12' title="bbox 89 1351 919 1446; baseline -0.002 -20"><span class='ocrx_word' id='word_1_79' title='bbox 89 1372 177 1428; x_wconf 76' lang='grc' dir='ltr'><em>τοῖσι</em></span> <span class='ocrx_word' id='word_1_80' title='bbox 196 1360 231 1427; x_wconf 75' lang='grc' dir='ltr'><em>δὲ</em></span> <span class='ocrx_word' id='word_1_81' title='bbox 249 1357 373 1446; x_wconf 80' lang='grc' dir='ltr'><em>μύθων</em></span> <span class='ocrx_word' id='word_1_82' title='bbox 391 1351 469 1445; x_wconf 88' lang='grc' dir='ltr'><em>ήρχε</em></span> <span class='ocrx_word' id='word_1_83' title='bbox 486 1362 587 1443; x_wconf 82' lang='grc' dir='ltr'><em>μέγας</em></span> <span class='ocrx_word' id='word_1_84' title='bbox 607 1358 817 1444; x_wconf 74' lang='grc' dir='ltr'><em>Τελαμώνιος</em></span> <span class='ocrx_word' id='word_1_85' title='bbox 838 1367 919 1436; x_wconf 70' lang='grc' dir='ltr'><em>Αἴας</em></span> 
     </span>
     <span class='ocr_line' id='line_1_13' title="bbox 133 1452 1049 1546; baseline -0.002 -19"><span class='ocrx_word' id='word_1_86' title='bbox 133 1455 200 1546; x_wconf 67' lang='grc' dir='ltr'><em>,Ὦ</em></span> <span class='ocrx_word' id='word_1_87' title='bbox 218 1457 337 1545; x_wconf 85' lang='grc' dir='ltr'><em>πόποι,</em></span> <span class='ocrx_word' id='word_1_88' title='bbox 360 1457 421 1544; x_wconf 84' lang='grc' dir='ltr'><em>ήδη</em></span> <span class='ocrx_word' id='word_1_89' title='bbox 439 1461 500 1544; x_wconf 80' lang='grc' dir='ltr'><em>μέν</em></span> <span class='ocrx_word' id='word_1_90' title='bbox 516 1482 563 1542; x_wconf 88' lang='grc' dir='ltr'><em>κε,</em></span> <span class='ocrx_word' id='word_1_91' title='bbox 582 1457 637 1524; x_wconf 83' lang='grc' dir='ltr'><em>καὶ</em></span> <span class='ocrx_word' id='word_1_92' title='bbox 654 1452 690 1535; x_wconf 88' lang='grc' dir='ltr'><em>δς</em></span> <span class='ocrx_word' id='word_1_93' title='bbox 707 1457 795 1542; x_wconf 92' lang='grc' dir='ltr'><em>μάλα</em></span> <span class='ocrx_word' id='word_1_94' title='bbox 816 1455 932 1544; x_wconf 90' lang='grc' dir='ltr'><em>νήπιός</em></span> <span class='ocrx_word' id='word_1_95' title='bbox 950 1459 1049 1546; x_wconf 79' lang='grc' dir='ltr'><em>ἐστιν,</em></span> 
     </span>
     <span class='ocr_line' id='line_1_14' title="bbox 88 1551 1051 1644; baseline 0.001 -18"><span class='ocrx_word' id='word_1_96' title='bbox 88 1563 186 1644; x_wconf 84' lang='grc' dir='ltr'><em>γνοίη</em></span> <span class='ocrx_word' id='word_1_97' title='bbox 206 1555 257 1626; x_wconf 82' lang='grc' dir='ltr'><em>ὅτι</em></span> <span class='ocrx_word' id='word_1_98' title='bbox 278 1557 428 1642; x_wconf 75' lang='grc' dir='ltr'><strong><em>Τρώεσσι</em></strong></span> <span class='ocrx_word' id='word_1_99' title='bbox 446 1556 553 1642; x_wconf 86' lang='grc' dir='ltr'><em>πατήρ</em></span> <span class='ocrx_word' id='word_1_100' title='bbox 572 1554 656 1634; x_wconf 82' lang='grc' dir='ltr'><em>Ζεύς</em></span> <span class='ocrx_word' id='word_1_101' title='bbox 674 1551 774 1634; x_wconf 87' lang='grc' dir='ltr'><em>αύτδς</em></span> <span class='ocrx_word' id='word_1_102' title='bbox 791 1552 913 1644; x_wconf 87' lang='grc' dir='ltr'><em>άρήγει.</em></span> <span class='ocrx_word' id='word_1_103' title='bbox 999 1572 1051 1627; x_wconf 82' lang='grc'><em>660</em></span> 
     </span>
     <span class='ocr_line' id='line_1_15' title="bbox 89 1653 976 1745; baseline -0.001 -19"><span class='ocrx_word' id='word_1_104' title='bbox 89 1664 158 1726; x_wconf 79' lang='grc' dir='ltr'><em>τῶν</em></span> <span class='ocrx_word' id='word_1_105' title='bbox 177 1656 319 1744; x_wconf 75' lang='grc' dir='ltr'><em>μὲνγὰρ</em></span> <span class='ocrx_word' id='word_1_106' title='bbox 337 1655 473 1726; x_wconf 85' lang='grc' dir='ltr'><em>πάντων</em></span> <span class='ocrx_word' id='word_1_107' title='bbox 492 1653 573 1744; x_wconf 80' lang='grc' dir='ltr'><em>βέλε’</em></span> <span class='ocrx_word' id='word_1_108' title='bbox 594 1654 739 1743; x_wconf 85' lang='grc' dir='ltr'><em>άπτεται,</em></span> <span class='ocrx_word' id='word_1_109' title='bbox 759 1653 849 1736; x_wconf 82' lang='grc' dir='ltr'><em>ὅστις</em></span> <span class='ocrx_word' id='word_1_110' title='bbox 866 1655 976 1745; x_wconf 89' lang='grc' dir='ltr'><em>άφείη,</em></span> 
     </span>
     <span class='ocr_line' id='line_1_16' title="bbox 87 1753 986 1844; baseline -0.002 -19"><span class='ocrx_word' id='word_1_111' title='bbox 87 1755 110 1844; x_wconf 80' lang='grc' dir='ltr'><strong><em>ἧ</em></strong></span> <span class='ocrx_word' id='word_1_112' title='bbox 128 1757 242 1844; x_wconf 83' lang='grc' dir='ltr'><em>κακός,</em></span> <span class='ocrx_word' id='word_1_113' title='bbox 261 1753 284 1844; x_wconf 81' lang='grc' dir='ltr'><em>ή</em></span> <span class='ocrx_word' id='word_1_114' title='bbox 302 1755 444 1842; x_wconf 91' lang='grc' dir='ltr'><em>άγαθός·</em></span> <span class='ocrx_word' id='word_1_115' title='bbox 468 1755 553 1834; x_wconf 81' lang='grc' dir='ltr'><em>Ζεύς</em></span> <span class='ocrx_word' id='word_1_116' title='bbox 574 1753 604 1822; x_wconf 93' lang='grc' dir='ltr'><em>δ’</em></span> <span class='ocrx_word' id='word_1_117' title='bbox 624 1760 728 1842; x_wconf 79' lang='grc' dir='ltr'><em>ἔμπης</em></span> <span class='ocrx_word' id='word_1_118' title='bbox 745 1753 839 1824; x_wconf 87' lang='grc' dir='ltr'><em>πάντ’</em></span> <span class='ocrx_word' id='word_1_119' title='bbox 859 1757 986 1825; x_wconf 91' lang='grc' dir='ltr'><em>ίθύνει·</em></span> 
     </span>
     <span class='ocr_line' id='line_1_17' title="bbox 89 1853 1022 1944; baseline 0 -20"><span class='ocrx_word' id='word_1_120' title='bbox 89 1853 170 1943; x_wconf 78' lang='grc' dir='ltr'><em>ἡμῖν</em></span> <span class='ocrx_word' id='word_1_121' title='bbox 188 1853 219 1924; x_wconf 84' lang='grc' dir='ltr'><em>δ’</em></span> <span class='ocrx_word' id='word_1_122' title='bbox 239 1853 348 1934; x_wconf 80' lang='grc' dir='ltr'><em>αὕτως</em></span> <span class='ocrx_word' id='word_1_123' title='bbox 365 1860 467 1922; x_wconf 81' lang='grc' dir='ltr'><em>πᾶσιν</em></span> <span class='ocrx_word' id='word_1_124' title='bbox 485 1853 604 1923; x_wconf 80' lang='grc' dir='ltr'><em>ἐτάσια</em></span> <span class='ocrx_word' id='word_1_125' title='bbox 621 1861 731 1924; x_wconf 89' lang='grc' dir='ltr'><em>πίπτει</em></span> <span class='ocrx_word' id='word_1_126' title='bbox 749 1861 848 1944; x_wconf 78' lang='grc' dir='ltr'><em>ἔραζε.</em></span> <span class='ocrx_word' id='word_1_127' title='bbox 1018 1931 1022 1939; x_wconf 16' lang='lat'><em>⁸</em></span> 
     </span>
     <span class='ocr_line' id='line_1_18' title="bbox 88 1951 975 2042; baseline -0.001 -19"><span class='ocrx_word' id='word_1_128' title='bbox 88 1953 158 2024; x_wconf 78' lang='grc' dir='ltr'><em>ἄλλ’</em></span> <span class='ocrx_word' id='word_1_129' title='bbox 178 1952 275 2041; x_wconf 74' lang='grc' dir='ltr'><em>ἄγετ’,</em></span> <span class='ocrx_word' id='word_1_130' title='bbox 294 1951 392 2022; x_wconf 88' lang='grc' dir='ltr'><em>αύτοί</em></span> <span class='ocrx_word' id='word_1_131' title='bbox 406 1977 468 2040; x_wconf 87' lang='grc' dir='ltr'><em>περ</em></span> <span class='ocrx_word' id='word_1_132' title='bbox 489 1953 692 2040; x_wconf 74' lang='grc' dir='ltr'><em>φραζοίμεθα</em></span> <span class='ocrx_word' id='word_1_133' title='bbox 713 1963 811 2042; x_wconf 80' lang='grc' dir='ltr'><em>μῆτιν</em></span> <span class='ocrx_word' id='word_1_134' title='bbox 828 1952 975 2042; x_wconf 91' lang='grc' dir='ltr'><em>άρίστην,</em></span> 
     </span>
     <span class='ocr_line' id='line_1_19' title="bbox 88 2051 1047 2144; baseline 0 -20"><span class='ocrx_word' id='word_1_135' title='bbox 88 2053 175 2144; x_wconf 71' lang='grc' dir='ltr'><em>ήμὲν</em></span> <span class='ocrx_word' id='word_1_136' title='bbox 193 2053 283 2134; x_wconf 85' lang='grc' dir='ltr'><em>ὅπως</em></span> <span class='ocrx_word' id='word_1_137' title='bbox 300 2053 360 2124; x_wconf 87' lang='grc' dir='ltr'><em>τόν</em></span> <span class='ocrx_word' id='word_1_138' title='bbox 377 2053 499 2142; x_wconf 84' lang='grc' dir='ltr'><em>νεκρόν</em></span> <span class='ocrx_word' id='word_1_139' title='bbox 517 2053 712 2141; x_wconf 78' lang='grc' dir='ltr'><em>ἐρύσσομεν,</em></span> <span class='ocrx_word' id='word_1_140' title='bbox 734 2051 863 2140; x_wconf 26' lang='grc' dir='ltr'><em>ήδὲικαὶ</em></span> <span class='ocrx_word' id='word_1_141' title='bbox 880 2052 974 2122; x_wconf 82' lang='grc' dir='ltr'><em>αὐτοὶ</em></span> <span class='ocrx_word' id='word_1_142' title='bbox 997 2069 1047 2124; x_wconf 79' lang='grc'><em>636</em></span> 
     </span>
     <span class='ocr_line' id='line_1_20' title="bbox 90 2152 972 2247; baseline -0.005 -24"><span class='ocrx_word' id='word_1_143' title='bbox 90 2155 200 2244; x_wconf 83' lang='grc' dir='ltr'><em>χάρμα</em></span> <span class='ocrx_word' id='word_1_144' title='bbox 218 2160 328 2242; x_wconf 80' lang='grc' dir='ltr'><em>φίλοις</em></span> <span class='ocrx_word' id='word_1_145' title='bbox 345 2153 489 2241; x_wconf 79' lang='grc' dir='ltr'><em>ἑτάροισι</em></span> <span class='ocrx_word' id='word_1_146' title='bbox 507 2154 686 2240; x_wconf 68' lang='grc' dir='ltr'><em>γενοίμεθα</em></span> <span class='ocrx_word' id='word_1_147' title='bbox 704 2152 933 2241; x_wconf 79' lang='grc' dir='ltr'><em>νοστήσαντες,</em></span> <span class='ocrx_word' id='word_1_148' title='bbox 970 2245 972 2247; x_wconf 15' lang='lat'>¹</span> 
     </span>
     <span class='ocr_line' id='line_1_21' title="bbox 88 2249 974 2342; baseline -0.005 -18"><span class='ocrx_word' id='word_1_149' title='bbox 88 2259 123 2324; x_wconf 84' lang='grc' dir='ltr'><em>οἴ</em></span> <span class='ocrx_word' id='word_1_150' title='bbox 137 2279 207 2326; x_wconf 86' lang='grc' dir='ltr'><em>που</em></span> <span class='ocrx_word' id='word_1_151' title='bbox 225 2251 314 2339; x_wconf 87' lang='grc' dir='ltr'><em>δεῦρ’</em></span> <span class='ocrx_word' id='word_1_152' title='bbox 333 2249 498 2342; x_wconf 83' lang='grc' dir='ltr'><em>ὁρόωντες</em></span> <span class='ocrx_word' id='word_1_153' title='bbox 515 2250 697 2340; x_wconf 83' lang='grc' dir='ltr'><em>άκηχὲδατ’,</em></span> <span class='ocrx_word' id='word_1_154' title='bbox 716 2249 787 2320; x_wconf 83' lang='grc' dir='ltr'><em>ούδ</em></span> <span class='ocrx_word' id='word_1_155' title='bbox 806 2257 853 2320; x_wconf 81' lang='grc' dir='ltr'><em>ἔτι</em></span> <span class='ocrx_word' id='word_1_156' title='bbox 871 2255 974 2338; x_wconf 83' lang='grc' dir='ltr'><em>φασί-ν</em></span> 
     </span>
     <span class='ocr_line' id='line_1_22' title="bbox 81 2350 1074 2442; baseline -0.003 -19"><span class='ocrx_word' id='word_1_157' title='bbox 81 2353 239 2442; x_wconf 77' lang='grc' dir='ltr'><em>Ἕκτορος</em></span> <span class='ocrx_word' id='word_1_158' title='bbox 257 2351 483 2440; x_wconf 76' lang='grc' dir='ltr'><em>ἀνδροφόνοιο</em></span> <span class='ocrx_word' id='word_1_159' title='bbox 501 2358 600 2441; x_wconf 85' lang='grc' dir='ltr'><em>με’νος</em></span> <span class='ocrx_word' id='word_1_160' title='bbox 618 2357 672 2422; x_wconf 84' lang='grc' dir='ltr'><em>καλ</em></span> <span class='ocrx_word' id='word_1_161' title='bbox 689 2367 797 2439; x_wconf 72' lang='grc' dir='ltr'><em>χεῖρας</em></span> <span class='ocrx_word' id='word_1_162' title='bbox 815 2350 962 2432; x_wconf 87' lang='grc' dir='ltr'><em>άάπτονς</em></span> <span class='ocrx_word' id='word_1_163' title='bbox 1069 2401 1074 2407; x_wconf 81' lang='lat'>·</span> 
     </span>
     <span class='ocr_line' id='line_1_23' title="bbox 89 2450 937 2543; baseline -0.001 -20"><span class='ocrx_word' id='word_1_164' title='bbox 89 2450 258 2543; x_wconf 85' lang='grc' dir='ltr'><em>σχήσεσθ’,</em></span> <span class='ocrx_word' id='word_1_165' title='bbox 279 2451 347 2522; x_wconf 74' lang='grc' dir='ltr'><em>ἀλλ’</em></span> <span class='ocrx_word' id='word_1_166' title='bbox 366 2456 404 2522; x_wconf 78' lang='grc' dir='ltr'><em>ἐν</em></span> <span class='ocrx_word' id='word_1_167' title='bbox 421 2455 521 2541; x_wconf 83' lang='grc' dir='ltr'><em>νηνσλ</em></span> <span class='ocrx_word' id='word_1_168' title='bbox 538 2459 732 2542; x_wconf 79' lang='grc' dir='ltr'><em>μελαίνῃσιν</em></span> <span class='ocrx_word' id='word_1_169' title='bbox 749 2455 937 2522; x_wconf 80' lang='grc' dir='ltr'><em>πεσέεσθαι.</em></span> 
     </span>
     <span class='ocr_line' id='line_1_24' title="bbox 88 2550 1048 2642; baseline -0.001 -19"><span class='ocrx_word' id='word_1_170' title='bbox 88 2565 137 2642; x_wconf 87' lang='grc' dir='ltr'><em>είη</em></span> <span class='ocrx_word' id='word_1_171' title='bbox 157 2551 187 2622; x_wconf 85' lang='grc' dir='ltr'><em>δ’</em></span> <span class='ocrx_word' id='word_1_172' title='bbox 209 2551 299 2632; x_wconf 83' lang='grc' dir='ltr'><em>ὅστις</em></span> <span class='ocrx_word' id='word_1_173' title='bbox 315 2555 442 2638; x_wconf 82' lang='grc' dir='ltr'><em>ἑταῖρος</em></span> <span class='ocrx_word' id='word_1_174' title='bbox 457 2550 664 2639; x_wconf 75' lang='grc' dir='ltr'><em>ἀπαγγείλειε</em></span> <span class='ocrx_word' id='word_1_175' title='bbox 682 2553 816 2638; x_wconf 90' lang='grc' dir='ltr'><em>τάχιστα</em></span> <span class='ocrx_word' id='word_1_176' title='bbox 996 2568 1048 2623; x_wconf 74' lang='lat'><em>640</em></span> 
     </span>
     <span class='ocr_line' id='line_1_25' title="bbox 89 2649 886 2742; baseline -0.004 -19"><span class='ocrx_word' id='word_1_177' title='bbox 89 2658 248 2742; x_wconf 83' lang='grc' dir='ltr'><em>Πηλείδη,</em></span> <span class='ocrx_word' id='word_1_178' title='bbox 265 2654 335 2722; x_wconf 78' lang='grc' dir='ltr'><em>ἐπεὶ</em></span> <span class='ocrx_word' id='word_1_179' title='bbox 355 2651 398 2720; x_wconf 86' lang='grc' dir='ltr'><em>ού</em></span> <span class='ocrx_word' id='word_1_180' title='bbox 415 2678 472 2739; x_wconf 93' lang='grc' dir='ltr'><em>μιν</em></span> <span class='ocrx_word' id='word_1_181' title='bbox 490 2649 601 2740; x_wconf 81' lang='grc' dir='ltr'><em>ὀΐομαι</em></span> <span class='ocrx_word' id='word_1_182' title='bbox 618 2650 697 2721; x_wconf 72' lang='grc' dir='ltr'><em>οὐδὲ</em></span> <span class='ocrx_word' id='word_1_183' title='bbox 714 2651 886 2740; x_wconf 74' lang='grc' dir='ltr'><em>πγπύσθαι</em></span> 
     </span>
     <span class='ocr_line' id='line_1_26' title="bbox 88 2747 902 2841; baseline -0.006 -18"><span class='ocrx_word' id='word_1_184' title='bbox 88 2761 213 2841; x_wconf 81' lang='grc' dir='ltr'><em>λυγρῆς</em></span> <span class='ocrx_word' id='word_1_185' title='bbox 230 2749 392 2838; x_wconf 91' lang='grc' dir='ltr'><em>άγγελίης,</em></span> <span class='ocrx_word' id='word_1_186' title='bbox 411 2750 462 2820; x_wconf 85' lang='grc' dir='ltr'><em>ὅτι</em></span> <span class='ocrx_word' id='word_1_187' title='bbox 480 2755 513 2820; x_wconf 90' lang='grc' dir='ltr'><em>οί</em></span> <span class='ocrx_word' id='word_1_188' title='bbox 529 2758 625 2838; x_wconf 78' lang='grc' dir='ltr'><em>φίλος</em></span> <span class='ocrx_word' id='word_1_189' title='bbox 644 2747 747 2820; x_wconf 74' lang='grc' dir='ltr'><em>ὤλεθ’</em></span> <span class='ocrx_word' id='word_1_190' title='bbox 767 2753 902 2837; x_wconf 81' lang='grc' dir='ltr'><em>ἑταῖρος.</em></span> 
     </span>
     <span class='ocr_line' id='line_1_27' title="bbox 89 2847 885 2943; baseline -0.008 -23"><span class='ocrx_word' id='word_1_191' title='bbox 89 2851 159 2921; x_wconf 78' lang='grc' dir='ltr'><em>ἀλλ’</em></span> <span class='ocrx_word' id='word_1_192' title='bbox 170 2852 214 2923; x_wconf 87' lang='grc' dir='ltr'><em>ού</em></span> <span class='ocrx_word' id='word_1_193' title='bbox 225 2877 270 2939; x_wconf 89' lang='grc' dir='ltr'><em>πη</em></span> <span class='ocrx_word' id='word_1_194' title='bbox 284 2850 431 2938; x_wconf 89' lang='grc' dir='ltr'><em>δύναμαι</em></span> <span class='ocrx_word' id='word_1_195' title='bbox 447 2854 547 2920; x_wconf 85' lang='grc' dir='ltr'><em>ίδέειν</em></span> <span class='ocrx_word' id='word_1_196' title='bbox 564 2858 719 2943; x_wconf 79' lang='grc' dir='ltr'><em>τοιοῦτον</em></span> <span class='ocrx_word' id='word_1_197' title='bbox 735 2847 885 2934; x_wconf 72' lang='grc' dir='ltr'><em>Ἀχαιῶν·</em></span> 
     </span>
     <span class='ocr_line' id='line_1_28' title="bbox 90 2947 920 3040; baseline -0.01 -19"><span class='ocrx_word' id='word_1_198' title='bbox 90 2949 162 3039; x_wconf 82' lang='grc' dir='ltr'><em>ήέρι</em></span> <span class='ocrx_word' id='word_1_199' title='bbox 181 2949 246 3040; x_wconf 85' lang='grc' dir='ltr'><em>γάρ</em></span> <span class='ocrx_word' id='word_1_200' title='bbox 265 2953 457 3038; x_wconf 81' lang='grc' dir='ltr'><em>κατέχονται</em></span> <span class='ocrx_word' id='word_1_201' title='bbox 474 2947 563 3038; x_wconf 76' lang='grc' dir='ltr'><em>ὁμῶς</em></span> <span class='ocrx_word' id='word_1_202' title='bbox 580 2947 678 3018; x_wconf 89' lang='grc' dir='ltr'><em>αύτοί</em></span> <span class='ocrx_word' id='word_1_203' title='bbox 694 2975 728 3017; x_wconf 91' lang='grc' dir='ltr'><em>τε</em></span> <span class='ocrx_word' id='word_1_204' title='bbox 746 2949 800 3016; x_wconf 78' lang='grc' dir='ltr'><em>καὶ</em></span> <span class='ocrx_word' id='word_1_205' title='bbox 817 2951 920 3014; x_wconf 82' lang='grc' dir='ltr'><em>ἵπποι.</em></span> 
     </span>
     <span class='ocr_line' id='line_1_29' title="bbox 89 3044 1046 3138; baseline -0.004 -18"><span class='ocrx_word' id='word_1_206' title='bbox 89 3059 155 3120; x_wconf 87' lang='grc' dir='ltr'><em>Ζεῦ</em></span> <span class='ocrx_word' id='word_1_207' title='bbox 167 3049 281 3138; x_wconf 87' lang='grc' dir='ltr'><em>πάτερ,</em></span> <span class='ocrx_word' id='word_1_208' title='bbox 301 3047 385 3120; x_wconf 86' lang='grc' dir='ltr'><em>άλλά</em></span> <span class='ocrx_word' id='word_1_209' title='bbox 400 3049 443 3120; x_wconf 87' lang='grc' dir='ltr'><em>σύ</em></span> <span class='ocrx_word' id='word_1_210' title='bbox 455 3053 554 3138; x_wconf 80' lang='grc' dir='ltr'><em>ήύσαι</em></span> <span class='ocrx_word' id='word_1_211' title='bbox 570 3047 625 3118; x_wconf 82' lang='grc' dir='ltr'><em>ὑπ’</em></span> <span class='ocrx_word' id='word_1_212' title='bbox 638 3046 736 3137; x_wconf 78' lang='grc' dir='ltr'><em>ἠέρος</em></span> <span class='ocrx_word' id='word_1_213' title='bbox 748 3044 821 3126; x_wconf 79' lang='grc' dir='ltr'><em>υἷας</em></span> <span class='ocrx_word' id='word_1_214' title='bbox 835 3044 982 3132; x_wconf 73' lang='grc' dir='ltr'><em>Ἀχαιῶν,</em></span> <span class='ocrx_word' id='word_1_215' title='bbox 994 3061 1046 3116; x_wconf 73' lang='grc'><em>645</em></span> 
     </span>
     <span class='ocr_line' id='line_1_30' title="bbox 89 3147 972 3239; baseline -0.008 -20"><span class='ocrx_word' id='word_1_216' title='bbox 89 3157 231 3239; x_wconf 87' lang='grc' dir='ltr'><em>ποίησον</em></span> <span class='ocrx_word' id='word_1_217' title='bbox 248 3149 281 3220; x_wconf 85' lang='grc' dir='ltr'><em>δ’</em></span> <span class='ocrx_word' id='word_1_218' title='bbox 299 3160 435 3236; x_wconf 73' lang='grc' dir='ltr'><em>αἴθρην,</em></span> <span class='ocrx_word' id='word_1_219' title='bbox 455 3149 513 3230; x_wconf 89' lang='grc' dir='ltr'><em>δδς</em></span> <span class='ocrx_word' id='word_1_220' title='bbox 530 3147 564 3217; x_wconf 90' lang='grc' dir='ltr'><em>δ’</em></span> <span class='ocrx_word' id='word_1_221' title='bbox 582 3147 809 3236; x_wconf 80' lang='grc' dir='ltr'><em>ὀφθαλμοῖσιν</em></span> <span class='ocrx_word' id='word_1_222' title='bbox 827 3149 972 3214; x_wconf 83' lang='grc' dir='ltr'><em>ίδέσθαι·</em></span> 
     </span>
     <span class='ocr_line' id='line_1_31' title="bbox 90 3243 1046 3338; baseline -0.009 -19"><span class='ocrx_word' id='word_1_223' title='bbox 90 3255 125 3319; x_wconf 75' lang='grc' dir='ltr'><em>ἐν</em></span> <span class='ocrx_word' id='word_1_224' title='bbox 143 3255 179 3320; x_wconf 72' lang='grc' dir='ltr'><em>δὲ</em></span> <span class='ocrx_word' id='word_1_225' title='bbox 197 3249 275 3338; x_wconf 87' lang='grc' dir='ltr'><em>φάει</em></span> <span class='ocrx_word' id='word_1_226' title='bbox 292 3253 347 3318; x_wconf 80' lang='grc' dir='ltr'><em>καὶ</em></span> <span class='ocrx_word' id='word_1_227' title='bbox 365 3249 524 3337; x_wconf 81' lang='grc' dir='ltr'><em>ὄλεσσον,</em></span> <span class='ocrx_word' id='word_1_228' title='bbox 553 3253 625 3318; x_wconf 80' lang='grc' dir='ltr'><em>ἐπεί</em></span> <span class='ocrx_word' id='word_1_229' title='bbox 640 3249 684 3316; x_wconf 93' lang='grc' dir='ltr'><em>νύ</em></span> <span class='ocrx_word' id='word_1_230' title='bbox 699 3275 751 3317; x_wconf 91' lang='grc' dir='ltr'><em>τοι</em></span> <span class='ocrx_word' id='word_1_231' title='bbox 769 3245 888 3315; x_wconf 85' lang='grc' dir='ltr'><em>εὔαδεν</em></span> <span class='ocrx_word' id='word_1_232' title='bbox 906 3243 1046 3324; x_wconf 78' lang='grc' dir='ltr'><em>οὕτως.“</em></span> 
     </span>
     <span class='ocr_line' id='line_1_32' title="bbox 132 3345 1042 3438; baseline -0.008 -19"><span class='ocrx_word' id='word_1_233' title='bbox 132 3347 193 3432; x_wconf 77' lang='grc' dir='ltr'><em>Ὣς</em></span> <span class='ocrx_word' id='word_1_234' title='bbox 210 3349 309 3438; x_wconf 87' lang='grc' dir='ltr'><em>φάτο,</em></span> <span class='ocrx_word' id='word_1_235' title='bbox 335 3347 395 3418; x_wconf 81' lang='grc' dir='ltr'><em>τόν</em></span> <span class='ocrx_word' id='word_1_236' title='bbox 413 3353 448 3418; x_wconf 69' lang='grc' dir='ltr'><em>δὲ</em></span> <span class='ocrx_word' id='word_1_237' title='bbox 467 3345 577 3435; x_wconf 80' lang='grc' dir='ltr'><em>πατὴρ</em></span> <span class='ocrx_word' id='word_1_238' title='bbox 596 3346 787 3434; x_wconf 86' lang='grc' dir='ltr'><em>ὀλοφύρατο</em></span> <span class='ocrx_word' id='word_1_239' title='bbox 806 3347 1042 3429; x_wconf 85' lang='grc' dir='ltr'><em>δακρνχέοντα·</em></span> 
     </span>
     <span class='ocr_line' id='line_1_33' title="bbox 91 3440 1001 3548; baseline -0.01 -31"><span class='ocrx_word' id='word_1_240' title='bbox 91 3447 206 3518; x_wconf 88' lang='grc' dir='ltr'><em>αύτίκα</em></span> <span class='ocrx_word' id='word_1_241' title='bbox 223 3445 254 3518; x_wconf 83' lang='grc' dir='ltr'><em>δ’</em></span> <span class='ocrx_word' id='word_1_242' title='bbox 275 3445 357 3548; x_wconf 60' lang='grc' dir='ltr'><em>ήρρα</em></span> <span class='ocrx_word' id='word_1_243' title='bbox 375 3447 437 3535; x_wconf 71' lang='grc' dir='ltr'><em>μὲν</em></span> <span class='ocrx_word' id='word_1_244' title='bbox 454 3451 616 3518; x_wconf 83' lang='grc' dir='ltr'><em>σκέδασεν</em></span> <span class='ocrx_word' id='word_1_245' title='bbox 633 3447 688 3514; x_wconf 82' lang='grc' dir='ltr'><em>καλ</em></span> <span class='ocrx_word' id='word_1_246' title='bbox 704 3442 839 3512; x_wconf 75' lang='grc' dir='ltr'><em>άπωσεν</em></span> <span class='ocrx_word' id='word_1_247' title='bbox 853 3440 1001 3528; x_wconf 81' lang='grc' dir='ltr'><em>ὁμίχλην,</em></span> 
     </span>
    </p>
   </div>
   <div class='ocr_carea' id='block_1_3' title="bbox 0 0 1224 3918">
    <p class='ocr_par' dir='ltr' id='par_1_3' title="bbox 0 0 1224 3918">
     <span class='ocr_line' id='line_1_34' title="bbox 0 0 1224 3918; baseline 0 2"><span class='ocrx_word' id='word_1_248' title='bbox 0 0 1224 3918; x_wconf 95' lang='lat' dir='ltr'><em> </em></span> 
     </span>
    </p>
   </div>
  </div>
 </body>
</html>
