2438 3918
372 267 595 326 ΙΑΙΑΔΟΣ
617 269 715 326 XVIII.
956 265 1018 332 ³⁶5

60 422 214 493 κιόκυσέν
231 421 258 493 τ’
278 423 329 510 ἄρ’
350 431 476 495 ἔπειτα·
495 427 574 495 θεαὶ
589 429 629 495 δέ
644 453 705 514 μιν
723 427 966 515 ἀμφαγέροντο,

60 529 165 592 πᾶσαι
184 522 262 593 ὅσαι
280 524 363 594 κατὰ
383 530 508 614 βένθος
526 523 607 605 ιἰλός
625 531 792 614 Νηρηίδες
809 520 906 614 ἦσαν.

59 622 142 704 [ἔνθ’
156 622 208 712 ἄρ’
225 629 284 710 έην
300 623 437 712 Γλαύκη
456 649 491 693 τε
510 624 635 694 θάλειά
654 651 689 693 τε
708 623 889 713 Κυμοδόκη
902 651 940 694 τε

59 728 191 810 Νησαίη
211 723 327 792 Σπειά
345 749 381 792 τε
398 723 470 811 Θόη
489 721 521 793 θ’
535 721 626 812 Ἀλίη
645 750 681 792 τε
699 731 835 812 βούκις,
983 743 1018 796 λυ

59 820 226 909 Κυμοθόη
245 847 281 890 τε
299 824 356 892 καὶ
372 821 501 911 Ἀκταίη
519 825 576 893 καὶ
593 823 783 912 Λιμνώρεια

58 923 112 989 καὶ
130 928 264 1010 Μελίτη
282 923 339 992 καὶ
349 923 455 1012 Ἴαιρα
475 926 531 994 καί
547 922 713 1013 Ἀμφιθόη
732 926 787 994 καλ
805 923 936 1014 Ἀγαύη,

59 1020 166 1091 Δωτιό
184 1047 222 1089 τε
240 1023 370 1108 Πρωτώ
389 1049 425 1092 τε
444 1025 600 1112 Φέρουσά
617 1051 653 1094 τε
672 1028 853 1112 Δυναμένη
871 1051 919 1102 τε,

59 1125 231 1209 Δεξαμένη
247 1147 287 1190 τε
305 1124 361 1192 καί
378 1121 562 1212 Ἀμφινόμη
580 1127 638 1194 καί
656 1125 890 1216 Καλλιάνειρα,

59 1221 169 1309 Δωρίς
188 1221 246 1290 καί
262 1223 407 1311 Πανόπη
426 1225 483 1292 καὶ
499 1221 676 1312 ἀγακλειτὴ
696 1226 870 1313 Γαλάτεια,
982 1243 1016 1296 45

58 1319 234 1408 Νημερτής
252 1347 289 1389 τε
308 1323 363 1391 καί
378 1321 540 1412 Ἀψευδὴς
558 1327 614 1392 καλ
632 1323 888 1394 Καλλιάνασσα·

59 1425 140 1488 ἔνθα
160 1417 193 1488 δ’
216 1427 276 1508 έην
294 1425 453 1513 Κλυμένη
471 1421 609 1512 Ἰάνειρά
627 1451 663 1494 τε
681 1428 738 1495 καὶ
752 1423 915 1512 Ἰάνασσα,

60 1528 174 1608 Μαῖρα
190 1525 248 1590 καὶ
264 1520 438 1610 Ὠρείθυια
457 1524 668 1612 ἐϋπλόκαμός
685 1523 711 1593 τ’
728 1524 887 1613 Ἀμάθεια

59 1619 151 1690 άλλαι
170 1620 207 1690 θ’
227 1629 264 1691 αἲ
280 1621 365 1692 κατὰ
384 1628 509 1712 βένθος
528 1621 607 1705 ἁλός
624 1630 792 1714 Νηρηίδες
809 1617 918 1713 ἦσαν]
980 1639 1015 1696 4⁹

59 1729 122 1788 τῶν
141 1723 179 1792 δὲ
198 1725 255 1792 καὶ
274 1721 449 1812 ἀργύφεον
467 1731 572 1812 πλῆτο
591 1725 704 1804 σπέος·
721 1729 758 1794 αί
773 1723 801 1793 δ
817 1724 886 1813 ἅμα
902 1731 1004 1794 πᾶσαι

60 1820 182 1908 στήθεα
202 1822 426 1911 πεπλήγοντο,
448 1827 542 1904 Θέτις
559 1821 593 1892 δ’
613 1827 726 1913 ἐξῆρχε
743 1823 852 1911 γόοιο·

93 1929 241 2011 ,,Κλῦτε,
261 1929 456 2012 κασίγνηται
471 1928 648 2012 Νηρηΐδες,
669 1921 744 2011 ὄφρ’
766 1916 924 1994 εὖπᾶσαι

60 2021 146 2092 είδεί
166 2021 357 2092 ἀκούουσαι
377 2021 428 2092 ὅσ’
450 2025 520 2115 έμρλ
540 2029 590 2092 ἔνι
608 2023 711 2110 κη’δεα
728 2029 840 2114 θυμῷ.

59 2121 83 2190 ό
100 2151 154 2210 μοι
177 2125 244 2210 έγω
265 2121 368 2211 δειλὴ,
390 2122 418 2192 όέ
436 2149 494 2210 μοι
508 2119 815 2210 δυσαριστοτόκεια,

60 2221 99 2309 ἦτ’
120 2226 194 2292 ἐπεὶ
213 2218 256 2310 ἄρ
275 2227 375 2292 τέκον
394 2221 473 2291 υίόν
491 2221 646 2310 ἀμύμονά
665 2247 701 2290 τε
720 2221 884 2310 κρατερόν
901 2247 947 2308 τε,
980 2237 1014 2291 ⁵5

58 2327 167 2411 ἔξοχον
187 2321 328 2412 ἡρώων·
348 2321 366 2392 ὁ
386 2320 420 2390 δ’
441 2320 628 2410 ἀνέδραμεν
647 2327 737 2406 έρνεῑ
753 2319 838 2400 ἶσος·

59 2424 113 2490 τὸν
130 2424 197 2512 μέν
215 2421 281 2510 έγω
302 2426 470 2510 θρέψασα,
491 2418 600 2508 φυτόν
619 2417 663 2500 ὥς
681 2425 796 2508 γουνῷ
814 2416 933 2506 άλωης,

59 2523 176 2610 νηυσὶν
195 2523 399 2610 ἐπιπροέηκα
418 2527 598 2610 κορωνίσιν
607 2519 712 2589 Ἴλιον
732 2529 810 2590 είσω

61 2624 166 2708 Τρωσὶ
186 2620 438 2710 μαχησόμενον·
457 2619 519 2690 τὸν
538 2617 569 2688 δ’
591 2618 652 2706 οὐχ
671 2616 871 2708 ὑποδέξομαι
889 2613 983 2702 αὖτις

58 2728 167 2791 οίκαδε
187 2722 409 2810 νοστήσαντα,
431 2720 537 2808 δόμον
555 2720 812 2807 Πηλήϊονείσω.
980 2735 1015 2790 60

58 2818 143 2907 ὄφρα
163 2825 204 2890 δέ
220 2813 278 2908 μὸι
297 2820 372 2902 ζεόει
390 2821 446 2890 καί
465 2817 529 2910 ὁρᾷ
548 2821 635 2906 φάος
667 2813 801 2906 ἠελίοιο,

60 2917 205 3008 άγννται,
227 2918 311 2988 οὐδέ
327 2925 362 2989 τί
378 2923 413 2988 σί
430 2919 577 3006 δύναμαι
594 2927 794 3006 χραισμῆσαι
812 2922 919 2987 ίοῦσα.

58 3017 121 3088 ἀλλ’
142 3019 215 3109 εἶμ’,
237 3020 330 3106 ὄφρα
350 3024 449 3108 ίδωμι
468 3026 569 3107 φίλον
586 3022 691 3105 τέκος,
709 3014 766 3106 ἠδ’
787 3017 963 3087 ἐπακούσω

59 3115 123 3187 ὅττι
141 3146 201 3207 μιν
218 3124 311 3188 ίκετο
331 3122 458 3200 πένθος
477 3117 543 3188 άπὸ
563 3120 737 3206 πτολέμοιο
756 3120 934 3204 μένοντα.“

98 3213 158 3300 Ὦς
177 3219 245 3306 ἄρα
265 3219 453 3309 φωνήσασα
472 3225 546 3288 λίπε
565 3219 680 3298 σπέος·
700 3221 736 3285 αί
753 3218 788 3286 δὲ
805 3215 870 3284 σὺν
885 3215 1012 3306 νίκησε

11 3329 12 3332 ’
60 3319 279 3406 δακρυόεσσαι
297 3329 387 3406 ίσαν,
408 3322 484 3406 περὶ
504 3319 543 3388 δέ
559 3336 654 3406 σφισι
672 3325 761 3406 κῦμα
780 3317 954 3404 θαλάσσης

59 3419 209 3506 ῥήγνυτο.
248 3421 303 3490 ταὶ
323 3417 356 3490 δ’
377 3418 434 3490 ὅτε
455 3417 495 3508 δὴ
519 3426 643 3505 Τροίην
658 3419 820 3506 ἐρίβωλον
837 3418 960 3501 ἵκοντο,

60 3518 159 3613 ἀκτὴν
178 3523 411 3610 είσανέβαινον
430 3515 602 3606 ε’πισγερέι,
622 3523 707 3585 ἔνθα
725 3517 862 3602 θαμειαί
955 3555 960 3562 -
