2406 3920
181 239 246 302 296
521 237 738 296 ΙΛΙΑΔΟΣ
765 235 799 295 O.

87 468 90 473 .
182 401 301 489 νηυσὶν
319 405 372 468 έπι
387 403 601 486 γλαφυρῇσιν
617 397 798 482 ἐλαυνέμεν
816 391 919 476 ἀκέας
935 399 1074 476 ἵππους·

183 497 288 588 αύτάρ
305 496 370 586 έγά
388 495 598 584 προπάροιθε
614 492 699 563 κιύν
715 499 844 564 ἵπποισι
862 498 1027 566 κέλευθον
1082 509 1136 566 260

68 597 69 600 ¹
181 608 293 668 πᾶσαν
309 600 456 683 λειανέω,
473 598 583 680 τρέμω
601 591 633 662 δ’
650 591 762 682 ἥρωας
778 592 962 681 Ἀχαιούς.“

224 695 284 778 Ὦς
305 697 408 766 εἰπάν
424 703 587 784 ἔμπνευσε
604 697 704 781 μένος
720 695 804 782 μέγα
821 697 952 782 ποιμένι
968 700 1071 764 λαιόν.

182 793 225 877 ὡς
243 794 274 864 δ’
295 795 350 864 ὅτε
366 822 414 875 τις
431 813 547 873 στανος
562 797 672 880 ἵππος,
689 791 873 882 ἀκοστήσας
891 795 945 863 ἐπὶ
961 793 1083 884 φάτνῃ,

181 893 306 982 δεσμὸν
321 892 510 983 ἀπορρήξας
525 897 603 981 θείη
619 897 744 961 πεδίοιο
762 897 939 979 κροαίνων,
1116 888 1118 894 ’

181 991 309 1074 είωθάς
324 992 486 1062 λούεσθαι
503 995 650 1081 ίδρρελος
666 1005 837 1080 ποταμοῖο,
1081 1004 1133 1062 265

179 1093 342 1163 κυδιόων·
359 1091 449 1176 ύψού
466 1093 502 1162 δέ
517 1091 603 1180 κάρη
619 1097 693 1180 ἔχει,
711 1089 797 1180 ἀμφὶ
813 1091 849 1160 δὲ
869 1103 975 1177 χαῖται

180 1191 282 1280 ἀμοις
296 1191 480 1262 ἀΐσσονται·
499 1188 517 1260 ὁ
536 1189 568 1260 δ’
585 1189 745 1277 ἀγλαΐηφι
762 1187 943 1276 πεποιθάς,

180 1295 285 1380 ῥίμφα
303 1293 440 1377 ἑγούνα
457 1294 551 1378 φέρει
566 1290 647 1376 μετά
668 1287 694 1356 τ’
710 1290 798 1376 ἤθεα
814 1289 869 1357 καὶ
885 1284 993 1374 νομόν
1003 1289 1128 1354 ἳππων·

180 1389 359 1478 άςἝκτωρ
375 1391 520 1478 λαιψηρά
539 1389 644 1469 πόδας
660 1390 716 1457 καὶ
731 1382 862 1474 γούνατ’
883 1384 995 1473 ένάμα

179 1489 331 1578 ὀτρύνων
347 1493 480 1577 ἱππῆας,
498 1490 566 1558 ἐπεὶ
579 1494 667 1558 θεοῦ
683 1492 802 1556 ἔκλυεν
819 1483 937 1574 αύδήν.
1079 1500 1129 1556 270

179 1595 213 1659 οί
228 1588 260 1659 δ’
279 1586 352 1659 ὥστ’
370 1587 393 1676 ἢ
409 1595 535 1676 έλαφον
551 1585 675 1676 κεραὸν
691 1582 714 1673 ἢ
731 1585 850 1672 ἀγρων
865 1584 942 1670 αίγα

178 1690 358 1758 ἐσσεύαντο
376 1689 478 1768 κύνες
493 1713 529 1756 τε
546 1689 603 1756 καὶ
618 1685 735 1772 ἀνέρες
752 1683 944 1773 ἀγροιῶται·

177 1787 237 1857 τόν
253 1791 315 1874 μέν
330 1785 356 1860 τ’
374 1784 529 1874 ἠλίβατος
543 1787 644 1872 πέτρη
663 1786 719 1854 καὶ
735 1784 871 1864 δάσκιος
887 1781 951 1870 ύλη

178 1881 331 1973 εἰρύσατ’,
350 1882 425 1953 οὐδ’
444 1884 509 1972 ἀρα
526 1889 563 1952 τέ
578 1905 638 1971 σφι
655 1883 833 1970 κιχήμεναί
842 1892 976 1970 αίσιμον
990 1875 1066 1971 ἦεν·

175 1993 243 2056 τάν
261 1988 299 2053 δέ
312 1982 346 2054 θ’
363 1981 429 2054 ἀπὸ
448 1992 539 2073 ἰαχῆς
556 1985 662 2072 ἐφάνη
678 1985 728 2064 λὶς
744 1981 915 2071 ἠϋγένειος
1076 1997 1124 2054 λλε

176 2092 221 2164 είς
238 2081 330 2172 ὁδὸν,
348 2083 429 2166 αίύα
446 2084 482 2154 δδ
499 2084 625 2164 πάντας
641 2082 808 2170 ἀπέτραπε
825 2087 880 2152 καὶ
897 2089 1084 2170 μεμαῶτας·

177 2179 221 2265 ἀς
236 2185 367 2254 Δαναοὶ
384 2189 458 2264 εἵως
474 2183 536 2271 μὲν
553 2179 714 2270 ὁμιλαδόν
732 2185 804 2252 αίὲν
821 2184 952 2268 ἕποντο,

176 2284 355 2364 νύσσοντες
373 2287 502 2370 ξίφεσίν
517 2309 553 2351 τε
570 2284 625 2352 καλ
642 2288 769 2380 ἔγχεσιν
788 2279 1022 2369 ἀμφυγύοισιν·

176 2381 280 2469 αύτάρ
297 2383 367 2452 ἐπεὶ
383 2387 459 2451 ίδον
467 2380 594 2468 Ἕκτορ’
613 2381 828 2468 ἐποιχόμενον
846 2385 955 2467 στίχας
972 2377 1111 2468 ἀνδρῶν,

175 2482 354 2569 τάρβησαν,
372 2488 474 2550 πᾶσιν
493 2485 528 2550 δὲ
544 2482 646 2569 παραὶ
663 2481 741 2550 ποσὶ
757 2481 905 2550 κάππεσε
919 2479 1043 2567 θυμός.
1074 2495 1122 2550 λθθ

218 2587 312 2648 Τοῖσι
329 2577 361 2646 δ’
381 2576 476 2649 ἔπειτ’
495 2579 635 2668 ἀγόρευε
654 2579 752 2668 Θόας,
769 2577 1007 2668 Ἀνδραίμονος
1022 2577 1100 2666 υίδς,

173 2684 334 2748 Αἰτωλῶν
350 2676 396 2766 ὄχ’
413 2678 557 2768 ἀριστος,
575 2681 790 2767 ἐπιστάμενος
806 2680 868 2766 μὲν
882 2679 1011 2765 ἀκοντι,

174 2775 297 2858 ἐσθλός
314 2776 343 2846 δ’
362 2781 400 2847 έν
415 2783 545 2868 σταδίῃ·
563 2777 670 2868 ἀγορῇ
687 2782 725 2851 δέ
739 2782 757 2849 ἕ
770 2787 893 2867 παῦροι
910 2777 1048 2866 Ἀχαιῶν

175 2883 288 2961 νίκων,
306 2873 431 2946 ὁππότε
447 2884 565 2964 κοῦροι
580 2881 745 2963 ἐρίσσειαν
761 2880 836 2964 περὶ
853 2877 992 2965 μύθων·

173 2972 192 3045 ό
210 2996 291 3062 σφιν
306 2977 500 3063 ἐϋφρονέων
515 2974 700 3066 ἀγορήσατο
717 2979 773 3047 καὶ
789 3000 958 3066 μετεειπεν
1071 2989 1117 3044 285

214 3069 275 3162 ,Ὦ
293 3074 410 3160 πόποι,
427 3069 449 3163 ἦ
467 3076 550 3162 μέγα
565 3083 684 3163 θαῦμα
700 3073 771 3146 τόδ’
791 3073 1019 3162 ὀφθαλμοίσιν
1036 3070 1114 3160 δρά-

664 3201 736 3261 μαι·

172 3263 246 3336 οἷον
260 3269 292 3336 δ’
310 3262 378 3339 αὖτ’
394 3273 521 3352 ἐξαῦτις
536 3271 666 3360 ἀνέστη,
682 3279 797 3360 Κῆρας
814 3271 946 3358 ἀλύξας,

166 3361 300 3454 Ἕκτωρ.
332 3361 354 3455 ἦ
369 3367 440 3456 θήν
454 3397 513 3455 μιν
526 3373 614 3457 μάλα
629 3374 743 3442 ἑλπετο
757 3369 869 3456 θυμὸς
885 3369 1024 3440 ἑκάστου

172 3463 286 3548 χερσὶν
301 3461 354 3530 ὑπ’
370 3473 513 3547 Αἴαντος
528 3473 665 3538 θανέειν
683 3470 948 3555 Τελαμωνιάδαο.
