2442 3922
360 259 571 316 ίΛλΑΔΟΣ
592 259 662 314 vm.
945 257 1004 324 143

63 423 90 484 οἵ
104 445 159 484 κεν
166 417 206 504 δὴ
224 415 331 484 κακόν
349 414 440 484 οἶτον
451 412 700 501 ἀναπλήσαντες
717 416 868 488 ὄλωνται.
969 433 1003 488 λλ

62 517 123 583 ἀλλ’
146 517 217 602 η’τοι
235 517 384 602 πολέμου
401 515 463 600 μὲν
481 513 679 602 ἀφεξόμεθ’,
689 511 785 594 ὡςσύ
802 514 960 598 κελεύεις·

13 625 19 638 “
60 615 175 701 βουλήν
194 613 227 683 δ’
243 614 402 699 Ἀργείοις
421 611 669 701 ὑποθησόμεθ’,
685 613 756 702 ἥτις
774 614 896 704 ὀνήσει,

60 712 96 792 ὀς
111 712 151 801 μή
169 715 291 793 πάντες
309 712 453 782 ὀλωνται
473 710 714 802 ὀδυσσαμένοιο
729 727 848 786 τεοῖο.“

113 811 179 897 Τήν
196 811 229 880 δ’
248 813 460 899 ἐπιμειδήσας
477 819 629 901 προσέφη
646 823 885 903 νεφεληγερέτα
903 819 988 898 Ζεός

58 912 198 1000 ,δόρατα
224 913 446 999 Τριτογένεια,
464 918 566 998 φίλον
584 917 693 994 τέκος·
715 913 757 982 οὔ
774 915 819 982 νό
836 943 867 982 τι
884 925 987 1006 θυμῷ

56 1011 210 1098 πρόφρονι
229 1016 414 1099 μυθέομαι·
435 1015 540 1082 ἐθέλω
561 1013 599 1080 δέ
615 1039 665 1082 τοι
681 1013 778 1102 ἤπιος
795 1011 912 1084 είνειι.“
966 1031 1001 1086 40

102 1111 158 1191 Ὦς
177 1113 284 1182 είπαῖν
302 1109 364 1178 ὑπ’
384 1110 501 1197 ὄχεσφι
514 1113 683 1182 τιτύσκετο
701 1113 882 1201 χαλκόποδ’
900 1120 1000 1202 ἵππω,

55 1208 207 1296 ὠκυπέτα,
228 1215 409 1300 χρυσέησιν
427 1215 598 1299 ἐθείρῃσιν
615 1214 794 1300 κομόωντε,

53 1307 167 1394 χρυσόν
187 1308 224 1378 δ’
244 1307 347 1390 αὐτὸς
363 1315 460 1382 έδυνε
479 1314 554 1398 περὶ
570 1318 654 1400 χροΐ,
670 1319 766 1400 γέντο
778 1314 812 1382 δ’
830 1315 1001 1402 ίμάσθληυ

54 1417 197 1496 χρυσείην
216 1409 397 1498 εὔτυκτον,
416 1412 475 1479 ἑοῦ
493 1409 524 1479 δ’
544 1411 720 1500 ἐπεβήσετο
739 1420 871 1501 δίφρου.

52 1507 195 1591 μάστιξεν
213 1508 245 1577 δ’
267 1510 387 1578 ἐλάαν·
406 1508 452 1578 τό
471 1507 503 1578 δ’
522 1507 584 1579 οὐκ
603 1512 722 1582 ἄκοντε
740 1518 907 1601 πετέσθην
963 1531 998 1584 45

50 1611 207 1696 μεσσηγός
226 1614 323 1695 γαίης
339 1636 374 1678 τε
391 1611 447 1678 καί
470 1605 620 1694 οὐρανοῦ
636 1609 858 1698 ἀστερόεντος.

46 1711 120 1793 Ἴδην
137 1707 170 1775 δ’
190 1713 311 1776 ἵκανεν
329 1713 557 1793 πολυπίδακα,
575 1713 698 1798 μητέρα
715 1721 843 1801 θηρῶν,

49 1808 232 1894 Γάργαρον·
249 1813 336 1878 ἔνθα
353 1813 391 1878 δέ
407 1813 442 1878 οί
456 1814 590 1896 τέμενος
608 1812 720 1898 βωμός
738 1840 772 1880 τε
790 1815 917 1902 θυήεις.

48 1904 112 1972 ἐνθ’
131 1911 259 1988 ἵππους
275 1913 391 1996 ἔστησε
408 1911 515 1997 πατήρ
534 1907 669 1996 ἀνδρῶν
685 1939 719 1980 τε
737 1921 830 1982 θεοῖν
848 1941 881 1982 τε

46 2005 138 2086 λύσας
153 2011 188 2090 ἐξ
207 2006 325 2094 ὀχέων,
343 2010 427 2076 κατὰ
446 2007 476 2076 δ’
496 2008 577 2097 ήέρα
596 2013 727 2080 πουλὺν
744 2018 864 2098 ἔχευεν.
961 2033 996 2084 50

47 2103 137 2186 αὐτός
155 2103 189 2174 δ’
211 2109 249 2176 έν
264 2118 436 2196 κορυφῇσι
452 2113 608 2191 καθέζετο
630 2112 727 2180 κύδελ
741 2122 855 2198 γαίων,

46 2207 204 2293 εἰσορόων
226 2207 354 2293 Τρώων
372 2235 407 2277 τε
425 2210 524 2279 πόλιν
540 2213 595 2280 καὶ
618 2221 699 2298 νῆας
712 2211 858 2298 Ἀχαιόν.

101 2310 144 2374 Ol
163 2303 197 2374 δ’
219 2307 285 2391 ἀρα
303 2311 442 2378 δεῖπνον
458 2309 573 2377 ἕλοντο
591 2311 864 2398 καρηκομόωντες
876 2310 997 2400 Ἀχαιολ

44 2410 140 2492 ῥίμφα
156 2405 246 2475 κατὰ
262 2415 406 2493 κλισίας,
424 2405 489 2476 ἀπό
511 2407 543 2475 δ’
561 2406 668 2478 αὐτοῦ
684 2409 912 2498 θωρήσσοντο.

47 2514 149 2591 Τροῖες
169 2505 203 2575 δ’
226 2500 310 2575 πόθ’
329 2510 496 2594 ἑτέρωθεν
507 2505 571 2576 ἀνόι
591 2509 708 2578 πτόλιν
722 2507 910 2599 ὁπλίζοντο,
963 2532 997 2584 56

42 2609 256 2695 παυρότεροι·
274 2611 428 2696 μέμασαν
445 2607 481 2676 δὲ
498 2611 553 2676 καλ
573 2606 617 2686 ἀς
634 2605 748 2694 ὑσμῖνι
765 2609 938 2698 μάχεσθαι,

40 2723 139 2792 χρειοῖ
151 2706 335 2796 ἀναγκαίη,
358 2707 424 2794 πρό
442 2735 477 2777 τε
495 2713 624 2776 παίδων
640 2711 694 2776 καὶ
709 2709 771 2790 πρό
792 2720 973 2794 γυναικῶν.

42 2815 137 2882 πᾶσαν
155 2806 194 2877 δ’
218 2805 386 2892 ὠΐγνυντο
404 2807 517 2894 πύλαι,
535 2810 570 2875 ἐκ
592 2805 623 2874 δ’
644 2811 763 2874 ἔσσυτο
781 2806 870 2892 λαός,

39 2912 126 2988 πεζοί
138 2904 180 2975 θ’
203 2910 323 2993 ἱππῆές
340 2931 391 2974 τε·
409 2903 514 2986 πολός
531 2905 562 2973 δ’
583 2903 773 2992 ὀρυμαγδός
789 2903 918 2994 ὀρτόρει.
963 2927 996 2982 59

97 3011 143 3076 Οἵ
159 3004 195 3075 δ’
217 3005 274 3074 ὅτε
291 3004 334 3092 δή
351 3003 385 3092 δ’
403 3009 436 3085 ἐς
451 3014 562 3092 χοῖρον
578 3010 639 3076 ἕνα
658 3004 826 3086 ξυνιόντες
842 3009 964 3094 ἵκοντο,

39 3104 97 3174 σόν
109 3111 130 3194 ῤ
139 3106 149 3132 ’
163 3113 293 3194 ἔβαλον
310 3102 437 3191 ῥινοὺς,
455 3103 520 3171 σόν
531 3102 564 3172 δ’
582 3109 676 3190 ἔγχεα
688 3105 742 3174 καὶ
759 3104 848 3191 μένε’
862 3103 995 3195 ἀνδροῖν

37 3206 346 3294 χαλκεοθωρήκων·
364 3201 447 3288 ἀτάρ
465 3203 600 3284 ἀσπίδες
617 3201 845 3290 ὀμφαλόεσσαι

35 3306 167 3396 ἔπληντ’
187 3305 363 3394 ἀλλήλῃσι,
381 3304 486 3386 πολὺς
503 3301 536 3374 δ’
555 3301 745 3390 ὀρυμαγδός
761 3300 890 3387 ὀρτόρει.

36 3414 116 3477 ἐνθα
134 3406 170 3477 δ’
191 3405 253 3493 ἀμ’
271 3405 401 3492 οἰμωγή
418 3431 453 3472 τε
469 3405 527 3474 καῖ
545 3401 671 3489 εόχωλή
694 3407 792 3470 πέλεν
808 3399 942 3490 ἀνδρων

34 3505 211 3579 ὀλλύντων
228 3531 264 3574 τε
282 3508 339 3574 καλ
356 3502 561 3593 ὀλλυμένων,
579 3507 632 3591 ήέε
652 3500 684 3570 δ’
702 3506 811 3587 αἵματι
829 3516 915 3588 γαῖα.
960 3520 995 3574 ὣ
