2442 3922
385 242 607 304 ΙΛΙΑΔΟΣ
629 247 665 300 V.

58 407 162 490 ἐσπᾶσι,
182 416 241 490 κρί
258 399 380 472 λευκὸν
398 403 612 491 ἐρεπτόμενοι
630 406 686 474 καὶ
705 404 838 494 ὀλύρας.

58 496 145 591 ήμέν
162 529 219 590 μοι
238 503 327 590 μόλα
345 500 452 572 πολλὰ
471 507 581 590 γέρων
599 503 738 593 αἰχμητὰ
757 507 907 578 Λυκάων

57 607 205 695 ἐρχομένῳ
225 605 375 673 ἐπέτελλε
395 603 509 690 δόμοις
527 609 577 672 ἔνι
595 619 796 692 ποιητοῖσιν·

57 706 190 772 ἰ’πποισίν
209 703 240 790 μ’
261 706 391 773 ἐκέλευε
409 706 464 772 καὶ
483 703 631 792 ἅρμασιν
649 708 842 792 ἐμβεβαῶτα

58 802 194 886 ἀρχεύειν
216 803 368 888 Τρώεσσι
386 801 469 872 κατὰ
488 805 651 888 κρατερὰς
669 801 825 892 ὑσμίνας·
859 869 864 878 .
948 825 1004 880 2oe

57 901 115 970 ἀλλ’
136 902 200 989 ἐγὼ
222 904 265 972 οὐ
283 903 434 990 πιθόμην
451 943 471 956 -
489 897 512 990 ή
529 901 560 972 τ’
582 899 627 973 ἄν
644 903 733 976 πολὺ
751 907 886 990 κέρδιον
903 899 965 996 ήεν
981 947 1003 963 -

57 1007 152 1072 ἵππων
172 1005 381 1091 φειδόμενος,
401 1005 447 1090 μή
466 1031 523 1090 μοι
543 1009 694 1073 δευοίατο
712 1013 843 1094 φορβῆς

56 1102 176 1185 ἀνδρῶν
195 1105 386 1191 εἰλομένων,
407 1104 564 1184 εἰωθότες
583 1109 717 1192 ἔδμεναι
735 1105 853 1195 ἅδδηυ.

57 1200 92 1280 ός
107 1210 214 1290 λίπον,
235 1201 341 1290 αὐτὰρ
361 1202 456 1285 πεζὸς
475 1208 508 1285 ἐς
517 1204 624 1274 Ἴλιον
642 1205 836 1294 εἰλήλουθα,

56 1302 361 1384 ιόξοισινπίσυνος·
381 1302 421 1372 τὰ
442 1308 482 1373 δέ
497 1301 528 1390 μ’
548 1301 611 1373 οὐκ
630 1300 680 1388 ἄρ’
700 1309 839 1390 ἔμελλον
855 1303 1001 1396 ὀνήσειν.

58 1400 108 1488 ήδη
126 1403 191 1490 γὰρ
211 1409 353 1472 δοιοῖσιν
370 1403 584 1492 ἀριστήεσσιν
602 1407 722 1492 ἐφῆκα,
947 1421 1001 1478 2⁰⁶

58 1509 187 1594 Τυδείδη
205 1531 242 1573 τε
260 1507 317 1574 καὶ
331 1503 496 1592 Ἀτρείδη,
516 1509 553 1574 ἐκ
574 1501 605 1572 δ’
628 1501 843 1591 ἀμφοτέροιιν

56 1599 174 1684 ότρειιὲς
193 1599 258 1690 αἷμ’
279 1609 398 1673 ἔσσευα
418 1607 543 1692 βαλών,
563 1605 681 1692 ήγειρα
701 1605 737 1674 δὲ
756 1611 893 1692 μᾶλλον.

57 1710 92 1792 τῷ
110 1708 149 1786 ῥα
168 1713 255 1792 κακή
275 1715 352 1793 αἰση
371 1705 436 1773 ἆπὸ
457 1706 633 1774 πασσάλου
652 1703 782 1790 όγκύλα
800 1705 879 1788 τόξα

57 1801 143 1888 ἤματι
161 1812 208 1894 τῷ
228 1805 352 1892 ἑλόμην
371 1805 425 1874 ὅτε
435 1804 540 1874 Ἴλιον
559 1810 606 1885 εἰς
624 1805 797 1893 ἐρατεινήν
949 1821 1004 1879 210

55 1899 189 1990 ἡγεόμην
210 1903 370 1992 Τρώεσσι,
391 1909 505 1991 φέρων
522 1905 622 1993 χάριν
632 1903 766 1994 Ἕκτορι
786 1913 855 1998 δίῳ.

56 2007 82 2070 εἰ
97 2007 131 2070 δέ
146 2029 183 2071 κε
202 2003 356 2090 νοστήσω
375 2007 431 2072 καὶ
449 2003 612 2091 ἐσόψομαι
630 2002 857 2092 ὀφθαλμοῖσιν

57 2103 175 2182 πατρίδ’
195 2103 280 2189 ἐμήν
299 2103 423 2189 ἄλοχόν
441 2129 476 2171 τε
495 2107 552 2173 καί
570 2101 735 2191 ὑψερεφὲς
753 2109 836 2191 μέγα
856 2109 960 2192 δῶμα,

56 2202 149 2271 αὐτίκ’
168 2201 264 2270 ἔπειτ’
286 2201 340 2270 ἀπ’
360 2207 448 2289 ἐμεῖο
468 2205 555 2290 κόρη
574 2201 673 2290 τόμοι
691 2201 866 2286 ἀλλότριος
885 2201 968 2291 φως,

55 2301 137 2391 εἰμὴ
156 2301 220 2388 έγώ
238 2302 319 2372 τάδε
337 2303 416 2383 τόξα
435 2312 564 2392 φαεινῷ
583 2307 620 2371 έν
638 2305 719 2387 πνρί
737 2309 837 2388 θείην
950 2317 1002 2372 215

56 2406 136 2488 χερσὶ
153 2403 370 2483 διακλάσσας·
390 2401 559 2490 όνεμιόλια
577 2402 643 2488 γόρ
662 2427 720 2488 μοι
738 2399 888 2488 όπ·ηδεί.“

97 2501 158 2571 Τόν
177 2501 208 2572 δ’
231 2496 303 2572 αὖτ’
323 2508 469 2591 Αἰνείας,
492 2501 730 2591 Τροόωνόγὸς,
750 2499 867 2570 ιἰντίον
884 2501 975 2589 ηὔδα

57 2601 114 2688 ,μὴ
132 2601 157 2670 δ’
176 2601 284 2683 οὕτως
303 2601 459 2687 ἀγόρευε·
480 2603 586 2686 πόρος
605 2600 635 2670 δ’
656 2599 719 2670 οὐκ
737 2607 866 2670 ἔσσεται
883 2602 1001 2692 ἄλλως,

56 2707 125 2784 πρίν
140 2701 170 2786 γ’
185 2705 240 2770 ἐπὶ
259 2700 308 2770 νώ
328 2700 410 2791 τῷδ’
422 2699 521 2788 ἀνδρὶ
540 2701 605 2770 σὺν
624 2705 774 2770 ἵπποισιν
790 2705 846 2769 καὶ
863 2699 1001 2788 ὄχεσφιν

23 2793 25 2802 ’
59 2798 194 2888 ιἰντιβίην
213 2801 354 2871 ἐλθόντε
373 2799 439 2870 σὺν
459 2809 566 2869 ἔντεσι
585 2807 796 2886 πειρηθῆναι.
950 2815 1004 2868 22⁰

58 2896 116 2967 ἀλλ’
134 2900 183 2985 ἄγ’
204 2905 296 2987 ἐμῶν
313 2899 419 2988 όχέων
438 2902 606 2988 ἐπιβήσεο,
627 2899 718 2986 όφρα
737 2904 827 2984 ίδηαι

60 2997 112 3068 οἶοι
130 3002 252 3085 Τρώϊοι
270 3003 376 3088 ἵπποι,
396 3001 610 3087 ἐπιστάμενοι
628 3004 754 3067 πεδίοιο

59 3099 188 3180 κραιπνὰ
205 3099 282 3187 μόλ’
294 3107 380 3168 ἔνθα
396 3104 452 3170 καὶ
471 3107 556 3170 ἔνθα
573 3103 735 3185 διωκέμεν
750 3095 811 3186 ήδέ
822 3098 1003 3184 φέβεσθαι·

59 3195 93 3264 τό
111 3201 162 3268 καὶ
181 3207 246 3268 νῶι
263 3201 402 3270 πόλινδε
422 3201 602 3287 σαώσετον,
623 3210 714 3282 εἰπερ
735 3194 779 3266 δν
797 3191 876 3266 αὖτε

58 3298 129 3379 Ζεὺς
146 3301 199 3368 ἐπὶ
220 3303 366 3390 Τυδείδη
385 3301 551 3388 Διομήδει
567 3305 670 3378 κῦδος
689 3293 795 3384 όρέξη.
949 3311 1003 3364 225

57 3395 113 3467 ἀλλ’
133 3400 191 3486 ἄγε
210 3407 278 3470 νῦν
296 3401 441 3488 μάστιγα
460 3401 517 3474 καὶ
534 3399 612 3487 ήνία
631 3395 827 3484 σιγαλόεντα
926 3481 930 3490 ⁵

56 3501 141 3588 δεἜαι,
163 3499 226 3588 ἐγώ
248 3499 281 3569 δ’
302 3505 417 3570 ἵππων
436 3498 643 3591 ἐπιβήσομαι,
662 3495 759 3583 ὄφρα.
773 3490 926 3580 μάχωμαι
