2438 3918
206 219 268 282 320
535 217 759 275 ΙΛΙΑΔΟΣ
781 216 822 274 Π.

205 399 326 468 κιυηση
341 376 460 465 ἀέκων,
474 379 508 446 ολ
522 372 553 445 δ’
572 373 717 461 ἄλκιμον
730 365 812 461 ἦτορ
829 379 962 460 ἔχοντες

206 480 342 568 πρόσσω
359 484 423 557 πῶς
438 479 569 545 πέτεται
583 475 639 542 καὶ
655 472 779 560 ἀμύνει
795 466 863 542 οἷσι
878 474 1043 541 τέκεσσιν.
1105 485 1143 541 να

206 587 275 648 τῶν
289 578 363 648 τότε
378 575 597 665 Μυρμιδόνες
611 577 755 659 κραδίην
770 573 827 641 καὶ
841 572 960 658 θυμόν
976 575 1101 658 ἔχοντες

207 683 244 747 ἐκ
260 687 353 767 νηῶν
368 679 514 765 ἐχέοντο·
532 671 595 763 βοὴ
613 672 643 742 δ’
662 672 825 760 ἄσβεστος
841 668 974 756 όρῶρει.

206 779 401 862 Πάτροκλος
418 773 451 845 δ’
467 775 635 862 ἑτάροισιν
650 773 802 842 ἐκέκλετο
819 769 953 858 μακρὸν
968 769 1077 850 ἀΰσας

249 876 501 964 ,,Μνρμιδόνες,
518 876 630 962 ἕταροι
645 870 846 959 Πηληιάδεω
859 865 1020 957 Ἀχιλῆος,

206 974 322 1060 ἀνέρες
338 981 421 1062 ἐστε,
439 980 541 1061 φίλοι,
558 972 735 1060 μνήσασθε
751 971 789 1040 δέ
803 969 969 1056 θούριδος
985 967 1096 1059 ἀλκῆς,
1109 983 1147 1038 δίο

207 1071 250 1154 ῶς
265 1069 309 1141 ἀν
324 1077 492 1159 Πηλείδην
506 1072 698 1160 τιμήσομεν,
717 1067 754 1150 ὃς
769 1066 838 1158 μέγ’
857 1070 995 1157 ἀριστος

203 1169 358 1259 Ἀργείων
374 1169 464 1257 παρά
480 1173 581 1258 νηυσὶ
596 1172 652 1239 καὶ
667 1168 849 1256 ἀγχέμαχοι
861 1169 1082 1256 θεράποντες,

205 1277 274 1361 γνῶ
291 1270 326 1339 δέ
341 1273 396 1338 καὶ
408 1266 573 1356 Ἀτρείδης
589 1268 796 1358 εύρυκρείων
806 1267 1027 1356 Ἀγαμέμνων

205 1365 248 1454 ἢν
263 1367 356 1456 άτην,
374 1365 419 1436 ὅτ’
435 1366 573 1452 ἀριστου
587 1367 725 1454 Ἀχαιῶν
742 1366 844 1438 οὐδέν
860 1373 1005 1436 ἐτισεν.“

250 1464 311 1546 Ὣς
326 1465 431 1535 είπῶν
448 1465 577 1553 ῶτρυνε
592 1469 692 1554 μένος
707 1469 764 1537 καλ
778 1467 897 1554 θυμόν
913 1467 1067 1536 ἑκάστου.
1110 1478 1149 1534 21⁵

205 1571 243 1633 ἐν
260 1565 290 1634 δ’
310 1572 430 1634 ἔπεσον
449 1567 621 1650 Τρώεσσιν
636 1565 785 1646 ἀολλέες·
804 1565 892 1654 ἀμφὶ
908 1567 945 1636 δὲ
961 1575 1041 1654 νῆες
1062 1603 1064 1607 v

208 1667 409 1752 σμερδαλέον
424 1666 618 1754 κονάβησαν
632 1664 813 1734 ἀϋσάντων
828 1656 889 1733 ὑπ”
898 1663 1050 1752 Ἀχαιῶν.

251 1769 362 1850 Τρῶες
378 1762 410 1830 δ’
429 1761 474 1843 ῶς
490 1770 619 1834 εἴδοντο
635 1772 824 1834 Μενοιτίου
839 1763 987 1851 ἀλκιμον
1004 1761 1090 1850 υίδν,

207 1859 311 1931 αὐτὸν
325 1865 381 1932 καὶ
396 1863 600 1952 θεράποντα,
621 1862 687 1932 σύν
702 1861 1089 1952 ἐντεσιμαρμαίροντας,

205 1968 307 2029 πᾶσιν
322 1959 443 2050 ὀρίνθη
459 1963 579 2050 θυμός,
598 1967 756 2050 ἐκίνηθεν
772 1963 810 2032 δὲ
826 1963 1009 2050 φάλαγγες,
1110 1976 1152 2030 280

204 2060 381 2146 ἐλπόμενοι
396 2061 487 2148 παρὰ
503 2072 609 2150 ναῦφι
624 2063 780 2132 ποδῶκεα
794 2069 976 2150 Πηλείωνα

205 2159 377 2246 μηνιθμὸν
392 2159 453 2247 μὲν
467 2159 660 2250 ἀπορρῖψαι,
678 2164 840 2250 φιλότητα
857 2161 890 2230 δ’
908 2164 1062 2232 ἑλέσθαι·

205 2255 375 2344 πάπτηνεν
391 2259 426 2328 δέ
442 2260 580 2341 ἕκαστος
594 2260 661 2349 ὅπη
678 2263 784 2349 φύγοι
799 2260 906 2332 αἰπύν
922 2261 1082 2351 ὄλεθρον.

246 2354 440 2439 Πάτροκλος
456 2358 492 2427 δὲ
508 2366 639 2446 πρῶτος
655 2358 813 2430 ἀκόντισε
830 2363 929 2450 δουρὶ
946 2370 1080 2452 φαεινῷ

185 2487 188 2489 -
204 2447 342 2537 ἀντικρύ
358 2455 442 2522 κατά
457 2457 591 2543 μέσσον,
609 2457 669 2526 ὅθι
685 2468 835 2529 πλεῖστοι
846 2463 1047 2549 κλονέοντο,
1113 2475 1155 2530 λθ

204 2553 262 2634 νηλ
274 2550 364 2635 πάρα
379 2554 516 2643 πρύμνη
532 2559 734 2645 μεγαθύμου
748 2561 1003 2648 Πρωτεσιλάου,

204 2647 258 2713 καὶ
273 2647 354 2734 βάλε
369 2657 577 2744 Πυραίχμην,
594 2653 631 2737 ὃς
645 2665 796 2740 Παίονας
813 2661 1071 2750 ἱπποκορυστὰς

204 2743 328 2831 ἤγαγεν
343 2751 376 2828 ἐξ
389 2747 577 2836 Ἀμυδῶνος
592 2749 647 2824 ἀπ’
662 2755 771 2839 Ἀξιοῦ
787 2757 1029 2848 εὐρυρέοντος·

205 2841 265 2960 ιόΙν
279 2843 360 2928 βάλε
377 2847 486 2928 δεξιόν
503 2844 609 2938 τόμον·
627 2851 645 2922 ὁ
664 2855 695 2924 δ’
715 2856 833 2938 ὕπτιος
849 2861 887 2928 έν
904 2866 1065 2948 κονίησιν

203 2963 372 3012 κάππεσεν
388 2947 538 3039 οίμοόξας,
555 2953 667 3039 ἔταροι
684 2961 725 3026 δέ
736 2985 796 3044 μιν
811 2957 1068 3046 ἀμφεφόβηθεν
1115 2971 1157 3026 290

203 3043 358 3159 {Talffljec'
376 3047 413 3111 ἐν
428 3045 492 3133 γάρ
508 3053 703 3140 Πάτροκλος
719 3057 833 3144 φόβον
847 3051 935 3145 ἧκεν
951 3059 1080 3128 ἅπασιν

203 3162 348 3222 ηίέμθνᾱ
364 3151 503 3230 κτείνας,
521 3147 558 3230 δς
574 3150 789 3238 ἀριστεύεσκε
805 3159 988 3245 μάχεσθαι.

204 3236 239 3348 ἐκ
256 3244 348 3323 νηῶν
363 3239 395 3306 δ’
413 3247 540 3334 ἔλασεν,
556 3254 640 3320 κατὰ
658 3251 692 3321 δ’
709 3261 847 3342 ἔσβεσεν
864 3259 1059 3346 αἰθόμενον
1073 3267 1142 3343 πῦρ.

204 3331 340 3449 *λμιῗαῆἒ
356 3335 388 3403 δ’
405 3338 471 3424 ἄρα
485 3355 568 3434 νηῦς
586 3350 687 3421 λίπετ’
706 3353 846 3426 αὐτόθι·
868 3361 923 3428 τοί
942 3358 977 3430 δ’
995 3361 1157 3450 ἐφόβηθεν

218 3433 315 3509 Γρωες
330 3443 498 3509 θεσπεσία
516 3441 645 3540 ὁμάδῳ·
665 3460 797 3525 Δαναοὶ
815 3455 848 3525 δ’
867 3461 1033 3548 ἐπέχυντο
1111 3472 1157 3527 θθὸ
