2470 3926
402 251 624 334 ιΛιΑΔοε
644 252 740 309 xxm.
987 248 1050 312 465

79 420 114 479 αί
134 409 170 479 δ’
186 411 389 500 ἐξηρώησαν,
407 411 477 479 ἐπεὶ
494 413 594 498 μένος
610 415 728 501 έλλαβε
744 413 869 501 θυμόν.

80 507 167 578 ἀλλά
184 515 301 580 ἴδεσθε
317 511 373 580 καὶ
391 509 499 598 ἄμμες
517 507 719 580 ἀνασταδόν·
739 512 782 582 ού
799 511 863 600 γὰρ
882 518 985 601 ἔγωγε

80 603 121 678 εὖ
139 610 388 697 διαγιγνώσκω·
407 614 515 679 δοκέει
532 613 572 678 δέ
585 637 643 698 μοι
659 616 798 699 ἔμμεναι
813 611 900 700 ἀνὴρ
998 625 1051 682 470

81 708 232 790 Αίτωλδς
247 709 379 799 γενεὴν,
400 708 481 799 μετὰ
501 708 533 777 δ’
548 707 743 796 Ἀργείοισιν
761 711 911 796 ἀνᾶσσει,

83 811 210 890 Τυδέος
225 812 420 898 ἱπποδάμου
437 808 521 894 υίὸς,
540 807 701 897 κρατερός
717 810 921 898 Διομήδης.“

128 907 198 978 Τὸν
216 909 246 979 δ’
265 917 409 998 αἰσχρῶς
426 911 578 978 ἐνένιπεν
590 906 719 996 Ὀϊλῆος
737 907 837 995 ταχύς
854 918 938 988 Αίας

79 1005 280 1095 ,,Ἰδομενεῦ,
297 1015 332 1077 τί
346 1009 453 1095 πόρος
469 1006 665 1096 λαβρεύεαις
678 1011 715 1075 αλ
730 1012 769 1076 δέ
782 1004 807 1075 τ’
827 1007 976 1076 ἄνευθεν

79 1110 179 1174 ἵπποι
195 1105 391 1194 ἀερσίποδες
407 1109 527 1186 πολέος
544 1111 671 1174 πεδίοιο
688 1111 821 1175 δίενται.
997 1120 1049 1176 47⁵

80 1204 161 1273 ούτε
178 1205 342 1286 νεώτατός
358 1207 431 1274 έσσι
447 1203 513 1293 μετ’
529 1202 705 1291 Ἀργείοισι
720 1213 884 1274 τοσοῦτον

80 1303 161 1372 οὔτε
178 1328 230 1371 τοι
247 1302 410 1385 ὀξύτατον
425 1313 581 1393 κεφαλῆς
592 1307 628 1373 ἔκ
646 1310 796 1394 δέρκεται
813 1306 907 1375 ὄσσε·

79 1399 152 1470 ἀλλ’
169 1404 233 1471 αίελ
249 1403 373 1490 μύθοις
390 1406 578 1492 λαβρεύεαι.
595 1403 676 1474 ούδέ
689 1412 723 1474 τί
738 1426 775 1473 σε
793 1407 854 1493 χρὴ

79 1502 298 1589 λαβραγόρην
313 1507 441 1590 ἔμεναι·
459 1502 550 1589 τᾶρα
566 1502 632 1593 γάρ
649 1507 704 1574 καὶ
721 1503 895 1592 ἀμείνονες
913 1501 1014 1574 ἄλλοι.

78 1604 178 1668 ἵπποι
196 1599 226 1668 δ’
249 1599 346 1670 αὐταὶ
363 1608 436 1670 ἔασι
454 1611 655 1690 παροίτεραι,
672 1610 708 1672 αἳ
722 1603 760 1672 τό
778 1604 885 1691 πάρος
901 1627 973 1689 περ,
996 1615 1050 1674 480

79 1696 254 1788 Εὐμήλου,
274 1704 310 1769 έν
327 1699 359 1769 δ’
377 1699 479 1781 αὐτὸς
497 1706 581 1788 ἔχων
598 1701 723 1790 εύληρα
739 1707 915 1791 βέβηκεν.“

131 1795 201 1867 Τὸν
217 1799 253 1868 δὲ
270 1799 501 1888 χολωσάμενος
516 1809 662 1890 Κρητεόν
679 1801 760 1889 ἀγὸς
775 1801 891 1872 ἀντίον
906 1801 994 1890 ηύδα

80 1897 205 1985 ,,Αίαν,
222 1914 331 1980 νεῖκος
350 1899 472 1987 ἄριστε,
491 1904 710 1989 κακοφραδὲς,
729 1901 812 1969 ἄλλα
829 1928 865 1971 τε
882 1903 992 1971 πάντα

81 1999 199 2067 δεύεαι
210 1997 380 2087 Ἀργείων,
399 2000 451 2068 ὅτι
466 2027 518 2068 τοι
534 2001 613 2081 νόος
629 2003 721 2069 ἐστὶν
739 2000 879 2088 ἀπηνής.

80 2098 187 2187 δεῦρό
204 2125 280 2182 νυν,
297 2096 319 2187 ἢ
335 2105 490 2185 τρίποδος
507 2101 743 2188 περιδώμεθον
760 2099 799 2187 ἠὲ
815 2105 966 2188 λέβητος·
996 2115 1049 2173 485

80 2205 200 2285 ἴστορα
215 2198 247 2267 δ’
263 2199 432 2288 Ἀτρείδην
445 2199 673 2288 Ἀγαμέμνονα
688 2207 827 2288 θείομεν
843 2200 955 2287 ἄμφω,

81 2295 266 2384 ὁππότεραι
284 2297 405 2387 πρόσθ’
423 2304 529 2387 ἵπποι,
546 2304 603 2367 ἵνα
620 2300 730 2389 γυώης
746 2298 947 2368 ἀποτίνων.“

117 2393 185 2476 Ὣς
201 2395 303 2485 ἔφατ’,
322 2397 452 2487 ἄρνυτο
473 2395 504 2466 δ’
524 2395 625 2466 αὐτίκ’
642 2399 767 2487 Ὀιλῆος
784 2397 884 2486 ταχύς
900 2408 984 2478 Λίας

80 2497 252 2584 χωόμενος
267 2507 460 2584 χαλεποῖσιν
474 2495 682 2585 ἀμείψασθαι
699 2503 859 2568 ἐπέεσσιν.

81 2605 144 2666 καί
152 2597 197 2665 νύ
209 2623 247 2665 κε
258 2595 299 2685 δὴ
313 2602 461 2686 προτέρω
473 2594 514 2666 ἔτ’
529 2602 596 2684 ἔρις
606 2596 709 2684 γένετ’
721 2595 968 2688 ἀμφοτέροισιν,
997 2613 1050 2668 490

81 2701 114 2765 εί
130 2692 175 2783 μὴ
190 2694 356 2783 Ἀχιλλεύς
374 2694 476 2776 αύτδς
492 2695 648 2767 ἀνίστατο
665 2700 721 2768 καὶ
737 2699 823 2786 φᾶτο
841 2707 970 2788 μόθον·

125 2799 281 2884 ,Μηκέτι
296 2804 363 2866 νύν
379 2805 570 2884 χαλεποῖσιν
587 2796 791 2886 ἀμείβεσθον
806 2803 967 2886 ἐπέεσσιν,

81 2895 171 2966 Αἶαν
185 2895 353 2984 Ἰδομενεῦ
368 2922 414 2984 τε,
432 2910 556 2985 κακοῖς,
575 2899 645 2966 έπεὶ
663 2895 741 2967 ούδὲ
759 2903 875 2966 ἔοικεν.

82 2998 140 3066 καὶ
158 2994 189 3066 δ’
208 2996 299 3086 ἄλλῳ
318 3006 510 3084 νεμεσᾶτον,
530 2995 599 3075 ἄτις
616 2995 753 3064 τοιαύτᾶ
771 3023 809 3082 γε
825 3001 919 3085 ῥέζοι.

82 3091 153 3166 ἀλλ’
172 3093 266 3184 ύμείς
283 3098 320 3165 έν
336 3094 442 3182 ἀγῶνι
460 3096 648 3184 καθήμενοι
666 3096 867 3182 είσορᾶασθε
996 3111 1049 3168 49⁵

82 3198 221 3274 ίππονς·
242 3198 277 3264 ολ
291 3196 327 3263 δὲ
343 3193 411 3281 τάχ’
429 3193 524 3264 αὐτοὶ
539 3195 747 3282 ἐπειγόμενοι
762 3199 838 3284 περὶ
851 3203 946 3284 νίκης

82 3291 206 3365 ἐνθάδ’
222 3294 430 3363 ἐλεύσονται·
448 3295 524 3364 τότε
540 3296 576 3363 δὲ
592 3295 767 3382 γνώσεσθε
784 3297 922 3376 ἕκαστος

83 3398 208 3474 ἵππους
224 3389 389 3483 Ἀργείων,
410 3402 444 3464 οἳ
462 3395 664 3481 esmona*
630 3421 662 3464 οι
680 3423 715 3466 τε
735 3396 910 3486 πάροιθεν.
914 3404 935 3440 “

119 3489 181 3571 Ὦς
200 3493 296 3604 φάτο,
318 3501 477 3584 Τυδείδης
498 3497 533 3565 δὲ
550 3497 640 3571 ύάλα
660 3494 780 3584 σχεδὸν
798 3489 884 3584 η’λθε
902 3496 1046 3584 διώκων,

128 3590 173 3643 no
158 3591 239 3642 umeri
261 3591 334 3648 Ilias.
