2406 3920
394 243 616 305 ΙΛΙΑΔίιΣ
636 245 685 302 Xl.
959 236 1018 302 22³

72 433 119 475 και
134 435 183 475 τοι
203 405 318 493 τεύχεα
334 406 419 475 καλό
438 405 524 476 δότιο
543 403 730 492 πόλεμόνδε
749 403 924 491 φέρεσθαι,

71 515 103 573 τί
115 506 153 574 ιιέ
167 525 204 573 σε
219 513 269 596 τῷ
286 515 437 586 ίσιιοντες
453 503 665 591 ἀπόσχωνται
681 505 836 590 πολέμοιο

73 611 185 690 Τρῶες,
205 602 446 674 ἀναπνεύσωσι
461 603 494 672 δ’
510 602 634 692 Ἀρήιοι
650 600 721 682 υἷες
732 600 872 688 Ἀχαιιῖν
968 615 1019 671 80⁰

70 705 265 792 τειρόμενοι·
284 704 380 793 όλίχη
397 709 436 774 δέ
449 701 474 772 τ’
493 702 698 782 ἀνάπνευσις
715 705 881 787 πολέμοιο.

71 807 145 889 [ῥεῖα
161 807 199 873 δέ
214 803 247 873 κ’
267 804 412 894 ἀκμῆτες
428 804 613 892 κεκμηότας
630 803 756 888 ἀνδρας
772 800 857 890 ἀϋτή

70 903 210 973 ὐσαισθε
227 908 325 993 προτί
341 905 428 974 ἀστυ
444 911 534 974 νεοῖν
550 902 618 971 ἀπο
635 903 691 971 καὶ
707 900 913 985 κλισιάαν.]“

98 997 155 1085 Ὦς
170 1005 276 1092 φάτο,
297 1012 346 1095 τῷ
363 1004 396 1072 δ’
414 1003 480 1091 ἀρα
497 1001 613 1090 θυμόν
630 1001 680 1070 &vl
696 998 877 1087 στήθεσσιν
895 997 1018 1083 ὅρινεν,

69 1111 108 1190 βή
123 1105 156 1174 δὲ
172 1107 269 1173 θέειν
286 1102 377 1192 παρά
395 1113 479 1192 νῆας
495 1101 544 1171 ἐπ’
561 1104 727 1186 Αἰακίδην
740 1097 879 1184 Ἀχιλῆα.
970 1111 1021 1166 805

69 1201 131 1272 ἀλλ’
148 1202 202 1274 ὅτε
219 1203 261 1291 δὴ
281 1202 367 1273 κατά
385 1210 471 1292 νῆας
484 1200 665 1288 Ὀδυσσῆος
681 1204 789 1267 θείοιο

69 1297 110 1382 ἷξε
125 1309 217 1372 θέων
229 1302 437 1390 Πάτροκλος,
455 1307 512 1370 ἵνα
531 1298 585 1386 σφ’
604 1297 711 1385 ἀγορή
727 1322 763 1367 τε
778 1299 876 1380 θέμις
893 1320 927 1360 τε

70 1401 136 1488 ήην,
151 1409 193 1490 τῇ
211 1400 252 1490 δὴ
271 1409 330 1472 καί
344 1424 406 1489 σφι
421 1409 517 1470 θεῶν
531 1399 720 1484 ἐτετεύχατο
737 1397 854 1482 βωμοὶ,

69 1506 146 1568 ἔνθα
162 1505 196 1570 οί
212 1499 420 1587 Εὐρύπυλος
435 1504 639 1588 βεβλημένος
654 1493 887 1581 ἀντεβόλησεν,

68 1594 215 1686 διογενής
241 1598 480 1687 Εὐαιμονίδης,
498 1597 582 1667 κατὰ
601 1593 711 1683 μηρόν
727 1591 838 1682 ὀϊστῷ,
964 1605 1018 1658 810

69 1699 191 1780 σιάζιον
207 1702 246 1768 ἐκ
264 1703 431 1786 πολέμου·
453 1696 537 1766 κατὰ
557 1698 593 1764 δέ
611 1695 721 1774 νότιος
737 1695 812 1780 ῥέεν
830 1687 930 1777 ίδρότς

68 1793 161 1884 ύμον
180 1801 237 1869 καὶ
253 1807 414 1886 κεφαλῆς,
432 1794 497 1866 ἀπό
517 1795 548 1864 δ’
568 1798 680 1873 έλιιεος
696 1791 871 1878 ἀργαλέοιο

68 1895 140 1985 αἷμα
156 1904 263 1988 μέλαν
280 1899 458 1987 κελάρυζε·
481 1895 562 1978 νόος
577 1921 614 1981 γε
633 1892 694 1980 μὲν
710 1893 852 1977 ἔμπεδος
868 1880 936 1973 ἦεν.

67 1995 120 2066 τόν
136 2001 171 2067 δὲ
187 1997 274 2068 ίδιδν
293 1996 433 2089 ᾂιιτειρε
448 2000 635 2064 Μενοιτίου
652 1991 790 2076 α”λιιιμος
806 1985 889 2070 υἱός,

67 2103 117 2163 καί
131 2093 162 2183 β’
182 2094 439 2184 ὀλοφυρόμενος
455 2100 536 2162 ἔπεα
553 2088 735 2176 πτερόεντα
751 2084 926 2173 προσηύδα
969 2095 1021 2150 815

104 2189 162 2282 „³14
180 2197 298 2279 δειλοί,
314 2199 464 2262 Δαναῶν
480 2189 642 2279 ἡγήτορες
656 2186 717 2276 ἠδὲ
732 2187 900 2272 μέδοντες,

68 2293 106 2374 ιδς
121 2293 171 2380 ἀρ’
190 2297 356 2381 ἐμέλλετε,
373 2299 452 2379 τῆλε
470 2295 580 2377 φίλον
596 2288 652 2356 καί
669 2285 826 2367 πατρίδος
843 2287 926 2365 αἴης,

66 2392 152 2462 ἀσειν
168 2397 208 2462 ἐν
228 2399 334 2481 Τροίη
349 2395 468 2476 ταχέας
483 2389 589 2466 κύνας
605 2385 717 2473 ἀργέτι
735 2386 838 2470 δημῷ.

67 2490 127 2560 ἀλλ’
145 2491 207 2577 ἀγε
226 2489 377 2577 μοιτόδε
393 2489 475 2574 είπὲ,
510 2485 683 2570 διοτρεφὲς
700 2475 873 2567 Εὐρύπυλ’
891 2474 988 2562 ἥρως,

66 2587 129 2675 ἦρ’
150 2596 199 2658 ἔτι
215 2613 285 2656 που
303 2588 467 2674 σχήσουσι
483 2582 651 2669 πελεόριον
662 2575 788 2664 Ἕκτορ’
805 2575 935 2661 Ἀχαιοὶ,
968 2588 1019 2642 820

66 2685 158 2776 ἢήδη
178 2693 364 2773 φθίσονται
380 2685 436 2752 ὑπ’
454 2685 563 2752 αὐτού
581 2682 677 2766 δουρὶ
693 2679 883 2765 δαμέντες.“

104 2789 171 2856 Τόν
189 2787 223 2857 δ’
242 2779 314 2854 αὖτ’
331 2783 537 2870 Εὐρύπυλος
553 2785 756 2868 βεβλημένος
772 2773 887 2842 ἀντίον
904 2766 990 2857 ηὔδα

66 2887 202 2974 ,,ούκε’τι,
233 2887 383 2971 διογενὲς
399 2882 615 2968 Πατρόκλεις,
633 2877 741 2959 ἀλκαρ
753 2872 893 2958 Ἀχαιῶν

65 2992 196 3074 ἔσσεται,
216 2983 286 3052 ἀλλ’
307 2987 345 3051 έν
363 2985 464 3070 νηυσὶ
480 2987 676 3067 μελαίνῃσιν
692 2975 874 3041 πεσέονται.

66 3089 95 3153 οί
107 3089 166 3173 μὲν
182 3081 251 3174 γὰρ
274 3081 316 3170 δή
335 3083 469 3167 πάντες,
488 3079 563 3148 ὅσοι
579 3076 687 3162 πόρος
702 3065 790 3159 ἦσαν
805 3067 943 3154 ἄριστοι,
966 3079 1016 3132 825

66 3189 97 3252 ἐν
112 3187 232 3272 νηυσὶν
249 3187 366 3252 κέαται
380 3183 580 3268 βεβλημένοι
597 3172 778 3258 οὐτάμενοί
791 3193 826 3235 τε

65 3287 167 3369 χερσὶν
183 3281 255 3351 ύπο
276 3280 420 3364 Τροίαν·
441 3287 511 3346 τοῖν
529 3276 565 3344 δὲ
582 3277 706 3351 σθένος
722 3271 860 3352 ὄρνυται
876 3267 948 3330 αἰεί.

6 3461 8 3466 ,
66 3381 126 3452 ἀλλ’
144 3384 199 3472 ἐμὲ
218 3385 283 3471 μὲν
300 3381 346 3449 σύ
365 3379 502 3448 σάωσον
519 3376 612 3462 ἀμαυ
626 3373 681 3442 ἐπὶ
696 3376 761 3454 νῆα
776 3365 945 3452 μέλαιναν,
978 3451 987 3476 ἱ

66 3493 164 3570 μηροῦ
179 3481 210 3552 δ’
232 3478 352 3566 ἔκταμ’
370 3476 497 3564 ὀιστόν,
515 3472 570 3544 ἀπ’
589 3473 694 3542 αὐτοῦ
711 3465 745 3536 δ’
755 3459 842 3615 1αἷμα
858 3469 1011 3531 κελαινόν

769 3581 784 3612 ss
