2406 3920
217 260 305 324 266·
562 258 778 320 ΙΛΙΑΔΟΣ
795 261 838 319 Ν.
920 291 923 296 v

214 420 281 507 πρὸ
300 426 420 490 Φθίων
437 422 474 493 δὲ
490 425 617 490 Μέδων
633 448 669 490 τε
684 421 924 509 μενεπτόλεμός
934 447 968 490 τε
979 421 1149 507 Ποδάρκης.

217 519 290 608 ἤτοι
305 517 323 590 ό
341 521 404 608 μὲν
420 519 525 601 νόθος
541 518 614 601 υίός
628 519 754 609 Ὀίλήος
769 527 877 590 θείοιο

216 627 302 706 ἔσκε,
319 623 457 709 Μέδων,
476 631 619 701 Αἴαντος
635 619 810 707 άδελφεός·
829 618 934 707 αὐτὰρ
951 625 1061 689 ἔναιεν
1113 634 1151 689 695

215 722 253 788 έν
272 721 422 810 Φυλάκη,
441 727 537 808 γαίης
558 720 623 789 άπο
643 724 809 806 πατρίδος,
830 720 937 806 ἄνδρα
956 718 1121 806 κατακτὰς,

215 822 347 906 γνωτόν
366 829 526 909 μητρυιῆς
543 819 743 908 Ἐριώπιδος,
764 817 808 908 ἣν
826 818 867 908 ἔχ’
886 818 1025 900 Ὀϊλεύς·

216 918 321 1006 αὐτὰρ
341 917 369 1007 ὁ,
387 919 542 1007 Ἰφίκλοιο
562 920 639 1001 πάις
656 929 719 989 τοῦ
736 925 943 990 Φυλακίδαο·

202 1024 250 1116 Ιοἱ
265 1021 326 1106 μὲν
345 1020 408 1107 πρό
430 1027 549 1090 Φθίων
567 1021 776 1109 μεγαθύμων
794 1030 1037 1108 θωρηχθέντες,

215 1125 342 1205 ναῦφιν
361 1119 576 1209 άμυνόμενοι,
597 1119 677 1208 μετὰ
696 1127 852 1191 Βοιωτῶν
871 1122 1043 1209 ἐμάχοντο.
1112 1133 1151 1188 7⁰0

256 1227 341 1300 Αίας
360 1217 392 1286 δ’
413 1218 525 1288 ούιιέτι
545 1222 693 1307 πάμπαν,
710 1219 836 1308 Ὀῑλήος
853 1219 955 1308 ταχύς
974 1218 1056 1308 υίὸς,

213 1317 313 1388 ἵστατ’
334 1317 388 1387 ἄπ’
410 1329 554 1401 Αἴαντος
576 1326 800 1408 Τελαμωνίου,
816 1322 889 1392 ούδ)
902 1318 1034 1408 ήβαιὸν,

212 1417 281 1490 ἀλλ’
304 1416 379 1488 ὥστ’
399 1423 435 1489 ἐν
454 1427 532 1509 νειῷ
548 1420 608 1508 βόε
626 1430 741 1490 οίνοπε
760 1419 889 1508 πηκτὸν
907 1419 1059 1508 άροτρον,

213 1519 287 1588 ίσον
305 1519 421 1607 θυμὸν
440 1525 561 1607 ἔχοντε,
580 1527 779 1589 τιταίνετον·
799 1518 885 1607 άμφὶ
904 1517 936 1587 δ’
959 1517 1025 1603 άρα
1043 1537 1118 1604 σφιν

213 1633 416 1706 πρυμνοῖσιν
434 1621 590 1705 κεράεσσι
609 1621 714 1700 πολύς
732 1618 906 1708 ἀνακηκίει
925 1619 1039 1708 ίδράς·
1109 1631 1149 1688 705

213 1718 257 1786 τά
278 1723 339 1804 μέν
357 1745 393 1786 τε
413 1719 514 1804 ζυγόν
533 1717 606 1788 οἶον
625 1720 743 1800 ἐύξοον
762 1717 865 1807 άμφὶς
884 1721 989 1807 ἐέργει

215 1820 330 1903 ἐμένω
349 1816 433 1887 κατά
454 1812 558 1888 άλκα·
578 1833 671 1906 τεμεῖ
688 1823 726 1887 δέ
741 1845 777 1887 τε
794 1821 913 1888 τέλσον
932 1815 1087 1906 ἀρούρης·

211 1913 256 1997 οἳς
274 1917 319 1986 τά
340 1925 556 2006 παρβεβαάτε
575 1917 650 2006 μάλ’
671 1921 813 1988 ἔστασαν
832 1917 1012 2006 άλλήλοιιν.

222 2014 278 2086 ’λλ’
297 2017 371 2105 ήτοι
392 2018 632 2107 Τελαμωνιάδῃ
651 2023 772 2086 πολλοί
785 2039 821 2086 τε
840 2018 896 2085 καὶ
915 2016 1030 2084 ἐσθλοί

210 2119 282 2186 λαοὶ
301 2114 415 2186 ἕπονθ’
439 2119 559 2203 ἕταροι,
580 2121 615 2185 οἳ
631 2121 665 2185 οἱ
682 2117 784 2196 σάκος
802 2117 1000 2201 ἐξεδέχοντο,
1106 2125 1147 2181 71⁰
1187 2159 1188 2209 χ

209 2211 331 2284 ὁππότε
350 2241 409 2302 μιν
427 2214 573 2301 κάματός
592 2240 627 2282 τε
646 2217 701 2284 καί
720 2212 820 2302 ίδροδς
839 2209 978 2301 γούναθ’
1001 2215 1107 2282 ἵκοιτο.

207 2312 284 2382 οὐδ’
306 2313 358 2402 ἄρ’
375 2313 521 2403 Ὀτλιάδη
540 2315 739 2401 μεγαλήτορι
757 2315 883 2400 Λοκροὶ
902 2314 1037 2380 ἕποντο·
1186 2399 1187 2402 ¹

208 2411 249 2481 ού
269 2411 334 2498 γάρ
354 2431 415 2499 σφι
434 2417 550 2502 σταδίῃ
570 2409 693 2502 ὑσμίνη
713 2419 810 2500 μίμνε
829 2420 930 2500 φίλον
948 2421 1030 2499 κῆρ·
1186 2407 1187 2481 λ

206 2510 247 2580 ού
266 2509 331 2598 γάρ
352 2516 428 2598 ἕχον
446 2511 599 2597 κόρυθας
617 2511 800 2600 χαλκήρεας
818 2515 1043 2597 ίπποδασείας,

205 2609 279 2680 οὐδ’
301 2616 378 2698 ἔχον
396 2610 538 2692 ἀσπίδας
557 2610 743 2692 εύκύκλους
760 2613 816 2681 καί
835 2617 966 2699 μείλινα
982 2615 1094 2699 δοῦρα,
1105 2625 1146 2682 715
1185 2685 1186 2696 η

204 2709 274 2780 ἀλλ’
295 2709 360 2795 άρα
379 2710 525 2790 τόξοισιν
543 2713 598 2780 καὶ
616 2713 791 2804 έύστρόφφ
811 2713 880 2792 οίὸς
899 2710 996 2801 άάτῳ
1185 2705 1186 2753 ¹

206 2821 297 2881 Ιλιον
316 2817 362 2889 είς
381 2808 433 2897 ἅμ’
454 2813 574 2880 ἕποντο
593 2813 801 2899 πεπονθότες,
822 2807 910 2880 οἷσιν
928 2817 1040 2880 ἔπειτα

202 2915 329 2996 ταρφέα
348 2909 528 2997 βάλλοντες
550 2911 677 2996 Τράων
695 2911 862 2999 ῥήγνυντο
882 2911 1063 2999 φάλαγγας.
1184 2973 1185 3002 ,

202 3011 242 3096 δή
262 3012 304 3095 βα
322 3005 394 3076 τόθ’
417 3012 452 3077 οί
468 3011 530 3096 μὲν
549 3011 680 3095 πρόσθε
699 3010 765 3080 σύν
784 3017 891 3082 ἔντεσι
910 3015 1125 3082 δαιδαλέοισιν
1184 3007 1185 3025 ’

201 3108 371 3196 μάρναντο
395 3113 529 3195 Τρωσίν
547 3135 583 3178 τε
600 3111 656 3178 καί
666 3109 800 3199 Ἕκτορι
818 3120 1077 3202 χαλκοκορυστῇ,
1103 3125 1142 3180 Ὶεο

200 3212 235 3276 οί
252 3205 286 3276 δ’
306 3205 429 3276 ὄπιθεν
448 3208 628 3295 βάλλοντες
646 3209 851 3280 ἐλάνθανον·
873 3211 955 3281 ούδέ
971 3240 1004 3281 τι
1022 3211 1134 3298 χάρμης
1183 3261 1184 3295 η

202 3313 312 3387 Τράες
330 3306 573 3392 μιμνήσκοντο·
594 3311 816 3379 συνεκλόνεον
835 3309 900 3397 γάρ
920 3310 1034 3380 όιστοί.

245 3401 356 3468 ’Ένθα
374 3427 412 3468 κε
431 3407 617 3488 λευγαλέως
635 3413 729 3492 νηοδν
747 3407 814 3475 άπο
836 3410 892 3475 καὶ
911 3409 1072 3476 κλισιάων
1182 3483 1183 3492 ¹

203 3504 312 3581 Τράες
330 3497 503 3582 ἐχάρησαν
521 3504 618 3587 προτί
627 3502 731 3572 Ἴλιον
748 3502 967 3590 ἠνεμόεσσαν,
1182 3499 1183 3508 “
