2438 3918
194 207 256 272 σου
529 207 751 268 manos
774 207 816 265 α.
874 285 882 294 ·

197 379 309 457 Τροῖες
323 372 379 439 καί
395 370 525 440 Δαναοὶ
541 369 691 453 σύναγον
707 365 866 454 κρατερήν
888 363 1041 452 ὑσμίνην.

230 467 287 549 Ὡς
303 467 335 537 δ’
352 464 464 554 Εὖρός
478 495 514 537 τε
529 467 640 546 Νότος
654 463 681 534 τ’
697 469 901 552 ἐριδαίνετον
912 463 1134 552 άλλήλοιιν7ῖῑι

192 569 311 658 οὔρεος
327 573 363 637 ἐν
378 570 505 657 βήσσης
519 567 649 656 βαθέην
665 571 876 652 πελεμιζέμεν
889 564 986 652 ὕλην,

192 668 303 755 φηγόν
318 693 353 734 τε
367 674 484 753 μελίην
498 693 533 736 τε
549 665 758 752 τανύφλοιόν
773 692 808 733 τε
824 666 996 752 κράνειαν,

192 772 261 836 αίτε
277 764 360 852 πρός
375 764 520 853 ἀλλήλας
536 771 659 852 ἔβαλον
673 765 858 852 τανυήκεας
873 763 970 845 όζους

191 864 255 953 ήχῆ
270 870 442 952 θεσπεσίη,
458 865 605 951 πάταγος
620 866 659 932 δέ
672 889 706 932 τε
720 861 954 952 άγνυμενάων,

194 961 238 1043 δίς
257 971 369 1050 Τρῶες
383 965 438 1031 καὶ
451 961 569 1049 Ἀχαιολ
586 960 634 1030 ἐπ’
651 961 824 1049 άλλήλοισι
838 963 1002 1050 θορόντες
1095 977 1155 1034 7777ν

192 1062 307 1153 δήουν,
323 1061 398 1132 οὐδ’
415 1067 521 1148 ἕτεροι
535 1059 674 1149 μνώοντ’
693 1061 804 1131 ὀλοοῖο
821 1063 952 1150 φόβοιο.

190 1161 297 1232 πολλὰ
314 1162 350 1231 δέ
364 1162 555 1250 Κεβριόνην
570 1160 649 1249 ἄμφ’
667 1159 745 1242 ὀξέα
761 1158 850 1248 δοῦρ’
872 1162 1029 1250 ἐπεπήγει

191 1269 237 1331 ἰοί
251 1289 286 1331 τε
303 1263 495 1350 πτερόεντες
510 1259 574 1330 άπδ
592 1268 737 1348 νευρῆφι
751 1262 923 1348 θορόντες,

190 1359 296 1430 πολλὰ
315 1361 351 1430 δέ
365 1362 525 1450 χερμάδια
540 1359 651 1448 μεγάλ’
669 1359 809 1441 άσπίδας
824 1357 1043 1447 ἐστυφέλιξαν

189 1463 410 1550 μαρναμένων
426 1457 505 1548 ἄμφ’
523 1458 642 1528 αὐτόν·
659 1458 677 1528 ὁ
695 1459 727 1528 δ’
745 1463 782 1528 ἐν
797 1459 1016 1547 στροφάλιγγι
1031 1469 1140 1546 κονίης

189 1575 276 1628 κεῖτο
291 1562 392 1647 μέγας
407 1563 600 1646 μεγαλωστὶ,
617 1563 818 1646 λελασμένος
833 1560 1062 1629 ἱπποσυνάων.
1092 1575 1140 1631 776

220 1659 333 1745 Ὄφρα
348 1660 409 1744 μὲν
423 1658 545 1738 Ἠέλιος
560 1663 663 1746 μέσον
679 1657 827 1743 οὐρανόν
843 1655 1074 1746 άμφιβεβήκει,

189 1759 298 1843 τόφρα
313 1757 387 1844 μάλ’
405 1755 604 1845 ἀμφοτέρων
619 1757 699 1844 βέλε’
718 1757 848 1844 ῆπτετο,
866 1772 964 1826 πῖπτε
981 1758 1018 1826 δέ
1033 1758 1133 1838 λαός·

189 1850 271 1944 ήμος
287 1855 318 1925 δ’
334 1856 458 1937 Ἠέλιος
472 1864 678 1944 μετενίσσετο
695 1857 911 1945 βουλυτόνδε,

188 1958 242 2024 καὶ
258 1955 332 2025 τότε
348 1956 389 2043 δή
406 1955 433 2044 δ’
451 1955 534 2044 ὑπὲρ
550 1955 648 2025 αἶσαν
660 1953 780 2043 Ἀχαιοί
796 1961 950 2044 φέρτεροι
965 1948 1061 2042 ήσαν.
1093 1971 1143 2027 787
1215 1995 1216 2036 ι

187 2059 224 2125 έκ
240 2061 301 2142 μὲν
315 2057 505 2144 Κεβριόνην
519 2061 645 2144 βελέων
659 2055 753 2143 ῆρωα
768 2062 914 2139 ἔρυσσαν

191 2157 317 2242 Τριάωυ
333 2160 366 2236 ἐξ
381 2159 513 2244 ἐνοπῆς,
530 2160 585 2225 καί
600 2153 656 2223 ἀπ’
675 2155 775 2242 όίμων
789 2151 890 2240 τεύχε’
907 2156 1036 2241 ἕλοντο,

187 2256 380 2342 Πάτροκλος
396 2258 432 2325 δὲ
450 2257 559 2343 Τρωσὶ
573 2253 659 2324 κακά
677 2256 832 2341 φρονέων
847 2253 1042 2341 ἐνόρουσευ.

187 2357 258 2439 τρίς
273 2355 334 2441 μὲν
348 2354 445 2422 ἔπειτ’
462 2354 624 2440 ἐπόρουσε
639 2362 715 2444 θοῷ
731 2351 913 2431 άτάλαντος
930 2350 1039 2439 Ἄρηϊ,

188 2454 370 2538 σμερδαλέα
387 2451 498 2538 λόχων,
513 2453 584 2541 τρὶς
599 2451 630 2520 δ’
649 2456 747 2520 έννέα
763 2460 876 2538 φῶτας
891 2455 1046 2537 ἔπεφνεν.
1095 2469 1148 2524 785
1209 2505 1210 2553 ,

187 2548 255 2620 ἀλλ’
272 2551 326 2621 ὅτε
344 2550 383 2639 δή
400 2549 437 2620 τό
453 2554 610 2639 τέταρτον
624 2555 784 2621 ἐπέσσυτο
802 2556 934 2638 δαίμονι
949 2549 1031 2640 ἶσος,

187 2647 255 2719 ἕνθ’
272 2649 339 2738 άρα
353 2677 415 2737 τοι,
431 2651 615 2739 Πάτροκλε,
632 2651 724 2738 φάνη
740 2651 866 2740 βιότοιο
881 2651 1029 2737 τελευτή.

189 2749 303 2836 ήντετο
319 2750 382 2836 γάρ
398 2777 449 2818 τοι
466 2758 588 2838 Φοῖβος
604 2753 653 2818 ἐνὶ
668 2758 814 2839 κρατερῇ
829 2747 953 2838 ὑσμίνη

187 2847 308 2926 δεινός·
327 2845 345 2915 ό
362 2848 425 2935 μέν
439 2847 500 2917 τὸν
516 2850 611 2918 ἰόντα
628 2848 711 2918 κατά
727 2853 851 2918 κλόνον
867 2847 931 2917 οὐκ
947 2849 1109 2937 ἐνόησεν·

185 2944 257 3034 ήέρι
272 2945 337 3033 γάρ
353 2958 461 3036 πολλῆ
477 2951 722 3037 κεκαλυμμένος
738 2947 978 3037 ἀντεβόλησεν·
1096 2967 1151 3022 790

185 3052 247 3134 στῆ
264 3045 297 3114 δ’
312 3046 422 3134 ὅπιθε,
439 3056 562 3137 πλῆξεν
578 3049 613 3118 δέ
629 3047 839 3137 μετάφρενον
854 3046 948 3132 εὐρέε
964 3045 989 3116 τ’
1010 3046 1093 3134 άμω

183 3151 266 3231 χειρὶ
281 3162 492 3237 καταπρηνεῖ,
510 3154 773 3237 στρεφεδίνηθεν
789 3153 827 3218 δέ
841 3153 875 3216 οί
890 3144 979 3217 όσσε.

184 3253 245 3312 τοῦ
261 3246 292 3315 δ’
312 3245 376 3317 άπό
393 3251 454 3336 μὲν
462 3245 584 3336 κρατός
593 3253 719 3336 κυνέην
729 3249 812 3337 βάλε
823 3256 946 3336 Φοῖβος
958 3248 1150 3320 Ἁπόλλων·

185 3341 206 3427 ἡ
222 3347 257 3414 δὲ
272 3352 493 3437 κυλινδομένη
509 3348 659 3436 καναχήν
675 3355 727 3436 έχε
742 3351 864 3419 ποσσὶν
880 3346 937 3436 ὑφ’
953 3351 1071 3419 ἵππων

186 3439 331 3525 αὐλῶπις
346 3449 541 3534 τρυφάλεια,
559 3449 753 3536 μιάνθησαν
769 3452 804 3518 δὲ
821 3453 950 3534 ἔθειραι
1092 3465 1150 3522 795
