2438 3918
397 226 618 291 ΙΛΙΑΔΟΣ
644 235 705 293 XX.
970 245 1028 311 411

107 369 148 444 'H
174 382 231 448 καί
248 378 380 471 ύπόδρα
397 384 480 455 ίδών
496 394 880 490 προσεφάνεενἝκτορα
894 409 966 474 διον

58 467 199 559 ,,άσσον
218 477 276 568 ἴθ’,
297 479 342 562 οἷς
357 510 417 552 κεν
432 493 567 556 θᾶσσον
581 487 728 580 ὀλέθρου
739 498 869 582 πείραθ’
883 505 1008 590 ἵκηαι.“

111 576 181 643 Τδν
200 575 232 644 δ’
250 576 293 646 ού
308 583 477 672 ταρβήσας
494 591 646 678 προσέφη
663 603 887 681 κορυθαίολος
900 598 1026 691 Ἕκτωρ

56 680 246 764 ,,Πηλείδη,
264 677 309 766 μὴ
327 681 368 769 δή
386 680 417 770 μ’
436 687 568 754 έπέεσσί
581 713 620 773 γε
636 692 802 777 νηπύτιον
819 693 863 776 ὃς
975 718 1022 772 λλ]

54 779 162 842 έλπεο
180 779 398 868 δειδίξεσθαι,
416 784 486 851 ἐπεὶ
503 785 597 871 σάφα
613 787 688 857 οἶδα
705 795 760 862 καὶ
777 794 877 876 αύτδς

54 870 147 960 ἠμὲν
164 884 340 964 κερτομίας
357 878 414 966 η’δ’
431 891 553 951 αίσυλα
569 889 799 974 μυθήσασθαι.

53 970 135 1040 οἶδα
154 973 188 1042 δ’
206 973 259 1042 ὅτι
280 975 324 1045 σύ
341 982 404 1064 μὲν
414 980 546 1070 ἐσθλός,
559 984 623 1070 ἐγύ
635 989 671 1057 δὲ
682 993 784 1060 σέθεν
794 993 882 1063 πολὺ
893 1005 1022 1086 χείρων.

52 1069 129 1142 ἀλλ’
147 1071 223 1161 ἥτοι
239 1077 302 1162 μὲν
319 1085 424 1147 ταῦτα
441 1088 535 1150 θεοῖν
551 1087 589 1151 έν
605 1085 747 1178 γούνασι
762 1105 876 1180 κεῖται,
970 1113 1021 1168 43⁵
1120 1131 1124 1140 ·

52 1179 93 1239 al
108 1174 153 1240 κε’
169 1194 207 1242 σε
222 1173 410 1264 χειρότερός
426 1203 488 1266 περ
506 1180 572 1250 έάν
588 1182 653 1253 άπό
671 1187 787 1276 θυμόν
803 1193 926 1282 ἕλωμαι
1034 1216 1040 1222 ’

50 1273 155 1359 δουρὶ
171 1273 298 1361 βαλών,
317 1274 409 1364 ἐπειή
427 1280 482 1346 καὶ
498 1279 579 1367 έμόν
595 1286 691 1370 βέλος
707 1285 767 1368 ὀξύ
784 1292 983 1378 πάροιθεν.“

90 1363 138 1438 Ἠ
152 1373 196 1458 ῥα
224 1375 281 1442 καὶ
298 1370 504 1462 άμπεπαλοδν
520 1386 629 1465 προΐει
640 1384 734 1472 δόρυ,
749 1392 804 1458 καὶ
815 1391 881 1476 τόγ’
893 1392 1017 1483 Ἀθήνη

49 1477 157 1559 πνοιῇ
172 1470 342 1561 Ἀχιλλῆος
360 1475 463 1544 πάλιν
480 1483 600 1567 έτραπε
616 1488 822 1575 κυδαλίμοιο,

48 1560 117 1655 ἦκα
137 1571 229 1658 μάλα
246 1575 394 1655 ψύξασα·
412 1578 450 1645 τό
469 1575 502 1645 δ’
521 1575 569 1660 άφ
585 1581 670 1650 ἵκεθ’
680 1582 821 1680 Ἕκτορα
839 1594 921 1677 δίον,
965 1607 1017 1662 440
1079 1579 1091 1600 ’

47 1667 163 1738 αύτού
181 1673 218 1742 δὲ
235 1675 448 1760 προπάροιθε
465 1682 580 1746 ποδῶν
596 1683 705 1752 πέσεν.
730 1685 837 1775 αὐτὰρ
853 1689 1015 1776 Ἀχιλλεύς

47 1767 228 1856 έμμεμαοδς
245 1773 420 1862 ἐπόρουσε,
438 1781 682 1868 κατακτάμεναι
699 1795 893 1875 μενεαίνων,

43 1871 240 1954 σμερδαλέα
256 1871 373 1957 ίάχων·
392 1875 501 1944 τόνδ’
521 1879 887 1966 ἐξήρπαξενἈπόλλων

45 1971 121 2054 ῥεῖα
141 1966 218 2056 μάλ’
236 1968 321 2040 ὥστε
337 1971 430 2058 θεός,
450 1975 597 2058 ἐκάλυψε
614 1977 646 2046 δ’-
667 1979 718 2065 άρ’
736 1981 809 2069 ήέρι
830 1995 946 2076 πολλῇ.

44 2070 117 2156 τρὶς
135 2075 199 2156 μὲν
216 2068 314 2140 ἔπειτ’
331 2073 495 2161 ἐπόρουσε
513 2077 683 2166 ποδάρκης
700 2085 770 2161 δῖος
788 2081 951 2168 Ἀχιλλεύς
961 2101 1012 2156 445

45 2173 138 2254 ἔγχει
152 2177 312 2261 χαλκείῳ,
331 2173 401 2258 τρὶς
420 2170 452 2241 δ’
469 2172 552 2261 ήέρα
568 2177 654 2258 τύψε
674 2185 824 2265 βαθεῖαν.

41 2266 113 2336 ἄλλ’
136 2266 194 2336 ὅτε
214 2268 255 2356 δή
273 2267 311 2338 τδ
328 2272 487 2360 τέταρτον
505 2278 664 2344 ἐπέσσυτο
681 2283 814 2366 δαίμονι
829 2279 909 2370 ίσος,
986 2293 1002 2328 ‘

41 2364 139 2436 δεινά
157 2363 190 2435 δ’
210 2364 401 2457 ὁμοκλήσας
418 2377 497 2440 έπεα
513 2375 693 2458 πτερόεντα
710 2380 883 2467 προσηύδα

84 2465 160 2552 ,,Ἐξ
178 2461 224 2536 αύ
241 2476 309 2537 νύν
326 2475 448 2557 ἔφυγες
464 2472 626 2560 θάνατον,
644 2475 745 2542 κύον·
764 2469 786 2564 ή
802 2480 839 2546 τέ
853 2505 904 2547 τοι
920 2481 995 2568 άγχι

39 2557 129 2653 ἦλθε
146 2558 272 2636 κακόν·
290 2575 357 2636 νῦν
373 2561 456 2638 αὖτέ
470 2568 499 2636 ο)
514 2569 675 2656 ἐρύσσατο
693 2581 815 2664 Φοῖβος
827 2575 1007 2668 Ἀπόλλων,

38 2655 68 2752 φ’
85 2669 220 2750 μέλλεις
238 2664 400 2752 εὔχεσθαι
416 2666 477 2737 ίώυ
495 2672 528 2748 ἐς
546 2675 674 2740 δοῦπον
691 2671 855 2744 άκόντωυ.
956 2695 1006 2749 4⁵1

37 2755 59 2849 ἦ
75 2761 151 2850 θήν
169 2761 202 2830 σ’
223 2766 353 2845 έξανύω
372 2793 421 2854 γε,
443 2769 499 2836 καὶ
515 2767 658 2855 ὕστερον
675 2768 903 2863 άντιβολήσας,

38 2871 71 2930 εἴ
86 2860 159 2930 πού
175 2889 225 2942 τις
243 2867 300 2932 καὶ
317 2870 428 2952 ἔμοιγε
445 2872 539 2934 θεῶν
556 2867 777 2954 ἐπιτάρροθός
794 2873 892 2938 έστιν.

38 2971 109 3030 νῦν
124 2954 172 3029 αύ
189 2964 271 3044 τοὺς
287 2963 413 3045 άλλους
430 2967 624 3052 ἐπιείσομαι,
643 2964 686 3034 όν
703 2993 741 3034 κε
757 2974 900 3053 κιχείω.“
946 2997 955 3012 ·

69 3055 133 3140 Ὦς
154 3058 261 3129 είπωυ
271 3062 403 3150 Δρύοπ’
423 3055 506 3130 οὖτα
524 3059 591 3132 κατ’
606 3061 727 3150 αύχένα
739 3068 864 3152 μέσσον
874 3067 1003 3140 άκοντι·

34 3156 138 3246 ἤριπε
157 3157 195 3228 δὲ
212 3159 429 3247 προπάροιθε
445 3165 569 3229 ποδοῖν.
596 3159 614 3230 ὁ
634 3165 670 3230 δέ
680 3161 742 3231 τόν
757 3164 819 3250 μέν
834 3170 942 3257 ἔασεν,
955 3186 1003 3240 456

34 3265 227 3346 Δημοῦχον
243 3259 280 3328 δὲ
297 3265 531 3348 Φιλητορίδην,
548 3259 616 3347 ήύν
632 3287 668 3330 τε
685 3267 790 3349 μέγαν
806 3288 851 3351 τε,

35 3357 100 3444 κὰγ
117 3358 208 3445 γόνυ
226 3359 324 3445 δουρὶ
341 3359 459 3445 δαλόν
475 3358 639 3446 ήρύκακε·
656 3359 717 3428 τόν
734 3362 796 3448 μὲν
813 3367 924 3433 ἔπειτα
1035 3392 1040 3400 ’

34 3455 187 3540 οὐτάζων
203 3460 294 3540 ξίφεϊ
309 3456 443 3547 μεγάλῳ
461 3463 609 3539 ἐξαίνυτο
627 3459 750 3546 θυμόν.
