2412 3918
204 255 263 318 182
563 257 781 314 ΙΛΙΑΔΟΣ
808 256 831 314 I.

200 427 284 498 Αλας
302 423 357 486 καὶ
376 417 501 504 κήρυκε
521 415 602 501 δόω,
623 423 821 502 πεπνυμένω
842 418 952 506 άμφω.

201 525 316 598 Φοίνιξ
337 517 368 585 δ’
386 510 464 586 αὖθ’
482 515 500 584 ὁ
520 519 629 602 γέρων
647 521 854 598 κατελέξατο·
876 515 920 598 τός
935 518 1000 606 γάρ
1020 516 1140 603 ἀνάγει,

200 616 291 704 όφρα
311 623 345 686 ol
364 621 401 686 ἐν
421 617 537 705 νήεσσι
556 623 658 703 φίλην
677 620 709 696 ἐς
727 615 859 704 πατρίδ’
881 619 998 704 ἕπηται
1099 632 1140 686 691
1193 623 1194 626 ’

200 717 331 804 αὔριον,
351 713 395 805 ήν
413 721 583 805 ἐθέλῃσιν·
605 715 734 803 ἀνάγκῃ
754 716 786 783 δ’
807 717 882 784 οάτι
901 745 960 803 μιν
978 716 1080 796 άξει.“

246 814 307 895 Ὦς
322 815 433 902 ἔφαθ’,
457 819 492 882 οἱ
504 815 536 882 δ’
554 815 620 901 ἀρα
635 815 755 894 πάντες
771 813 858 902 ἀκήν
874 817 1029 901 ἐγένοντο
1046 823 1141 902 σιωπή

199 923 324 1002 [μῦθον
335 915 575 1000 ἀγασσάμενοι·
593 914 681 1000 μάλα
692 913 756 1000 γάρ
768 925 936 1003 κρατερῶς
946 915 1141 1003 ἀγόρευσεν].

200 1011 264 1100 δήν
280 1011 312 1080 δ’
333 1011 421 1080 άνεω
440 1006 527 1100 ήσαν
545 1015 707 1100 τετιηότες
724 1011 795 1094 υἷες
809 1013 965 1100 Ἀχαιῶν·
1099 1028 1142 1082 695

200 1111 262 1194 όυδ
282 1116 317 1180 δὲ
339 1109 379 1198 δή
399 1115 547 1199 μετέειπε
569 1111 655 1201 βοήν
674 1109 803 1199 ἀγαθός
822 1114 996 1202 Διομήδης

113 1245 120 1261 =
241 1210 415 1300 ,,Ἀτρείδη
435 1212 580 1299 κύδιστε,
601 1209 684 1293 άναξ
703 1211 838 1297 ἀνδρῶν
854 1211 1071 1300 Ἀγάμεμνον,

195 1311 275 1400 μηδ’
300 1311 420 1399 ὄφελες
441 1320 617 1383 λίσσεσθαι
636 1309 792 1399 ἀμύμονα
810 1315 1006 1398 Πηλείωνα,

198 1419 302 1499 μυρία
322 1417 413 1498 δῶρα
433 1413 561 1492 διδοάς·
581 1409 599 1479 ὁ
620 1410 651 1479 δ’
672 1410 896 1498 ἀγήνωρέστὶ
914 1413 971 1478 καὶ
990 1407 1108 1488 άλλως·

198 1522 265 1580 νῦν
285 1506 329 1580 αὖ
347 1540 404 1598 μιν
423 1510 510 1580 πολὺ
530 1518 657 1598 μάλλον
675 1509 893 1598 ἀγηνορίῃσιν
911 1514 1042 1595 ἐνῆκας.
1102 1521 1144 1576 70⁰

199 1610 268 1680 ἀλλ’
287 1612 361 1698 ήτοι
380 1627 493 1681 κεῖνον
511 1612 572 1698 μὲν
591 1612 742 1698 ἐάσομεν,
762 1609 786 1698 ή
804 1635 863 1678 κεν
882 1619 984 1697 ἴῃσιν,

197 1710 221 1796 ή
239 1736 276 1778 κε
297 1714 396 1797 μένῃ·
416 1711 491 1777 τότε
511 1707 541 1776 δ’
564 1701 644 1776 αὖτε
663 1709 851 1796 μαχήσεται,
873 1705 999 1786 ὁππότε
1019 1710 1077 1776 κέν
1095 1733 1143 1792 μιν

197 1805 307 1893 θυμός
326 1810 376 1875 ἐνὶ
395 1807 575 1893 στήθεσσιν
594 1806 710 1894 ἀνάγῃ
728 1812 784 1876 καλ
802 1806 883 1887 θεὸς
904 1807 1000 1896 όρσῃ.

198 1904 266 1974 ἀλλ’
287 1903 393 1991 ἄγεθ’,
414 1903 459 1986 ἀς
477 1903 520 1973 ἀν
539 1906 630 1991 ἐγών
646 1917 739 1994 εἴπω,
760 1909 960 1994 πειθώμεθα
978 1905 1112 1984 πάντες·
1194 1879 1195 1939 ’

198 2013 264 2072 νῦν
282 2007 345 2093 μὲν
363 2005 571 2092 κοιμήσασθε
590 2007 830 2094 τεταρπόμενοι
849 2013 952 2091 φίλον
970 1998 1055 2091 ήτορ
1103 2020 1145 2073 705
1193 2067 1194 2084 ,

189 2108 293 2171 ’σίτου
311 2104 367 2170 καὶ
387 2113 506 2172 οίνοιο·
526 2101 563 2172 τό
584 2103 648 2192 γάρ
667 2111 767 2191 μένος
786 2108 852 2172 ἐστὶ
871 2105 927 2172 καὶ
946 2103 1053 2191 ἀλκή·
1193 2089 1194 2123 ’

198 2199 304 2288 αάτάρ
324 2205 397 2270 ἐπεί
412 2229 450 2270 κε
470 2211 562 2291 φανή
580 2202 664 2290 καλή
685 2204 931 2290 ῥοδοδάκτυλος
945 2199 1044 2288 Ἠὠς,
1192 2251 1193 2305 ,

198 2305 412 2385 καρπαλίμως
431 2297 495 2386 πρό
515 2310 604 2368 νεῶν
622 2305 738 2389 ἐχέμεν
755 2302 841 2371 λαόν
859 2329 895 2369 τε
913 2303 970 2370 καὶ
989 2305 1110 2380 ἵππους

132 2486 134 2490 Ι
197 2397 360 2480 ότράυων,
386 2399 442 2464 καλ
461 2396 493 2465 δ’
513 2398 614 2486 αὐτὸς
633 2403 681 2468 ἑνὶ
700 2401 861 2488 πράτοισι
880 2399 1080 2488 μάχεσθαι.“
1191 2431 1192 2489 η

140 2553 143 2558 .
240 2495 302 2574 Ὣς
319 2495 428 2581 ἔφαθ’,
451 2501 485 2564 οί
499 2496 529 2566 δ’
549 2497 615 2585 όίρα
630 2500 752 2580 πάντες
767 2499 938 2589 ἐπήνησαν
953 2506 1119 2588 βασιλῆες,

197 2604 311 2682 μῦθον
329 2594 554 2682 ἀγασσάμενοι
571 2599 758 2685 Διομήδεος
777 2597 990 2684 ἱπποδάμοιο.
1103 2612 1144 2666 ΠΙ
1190 2603 1191 2673 λ

197 2696 251 2762 καὶ
269 2693 344 2762 τότε
363 2691 403 2780 δή
425 2702 617 2775 σπείσαντες
636 2700 718 2784 ἔβαν
736 2701 905 2784 κλισίηνδε
924 2697 1075 2783 ἕκαστος,

199 2796 282 2861 ἔνθα
301 2794 338 2862 δὲ
358 2793 558 2880 κοιμήσαντο
578 2797 632 2864 καὶ
651 2795 763 2866 ὕπνου
782 2801 891 2882 δῶρον
914 2795 1043 2863 ἕλοντο.
1189 2773 1190 2855 δ
