2442 3922
185 267 247 332 122
523 261 671 319 ΙΛΙΑΔ
684 259 747 317 ΟΣ
772 259 806 314 Ζ.

186 427 402 547 Ανδρομάχη,
417 421 570 540 θυγάτηρ
585 417 809 506 μεγαλήτορος
822 412 1007 496 Ἠετίωνος,
1097 417 1147 473 896

182 529 328 612 Ηετίωυ,
345 523 382 606 ὃς
397 517 540 592 έναιεν’
523 517 588 587 υπό
606 516 731 605 Πλάκῳ
747 510 904 601 ύληέσσῃ,

188 628 282 716 Θήβῃ
291 623 503 709 Ὑποπλακίῃ,
519 613 687 688 Κιλίκεσό
705 586 886 702 ἄνδρεσσιν
901 607 1078 680 άυάσσωυ·

188 737 310 812 τοῦπερ
326 721 365 810 δή
382 721 536 806 θυγάτηρ
552 713 637 802 ἔχεθ’
646 713 781 799 Ἕκτορι
796 709 1061 797 χαλκοκορυστῇ.

186 825 258 914 ήοί
273 819 368 894 ἔπειτ’
385 814 511 907 ήυτηά,
528 812 645 902 άμαδ’
661 811 848 899 ἀμφίπολος
864 813 938 876 κίεν
952 800 1040 890 αύτή

187 922 279 993 παῖδ’
297 923 349 990 ἐπὶ
364 919 477 1006 κόλπῳ
493 911 601 1002 έχονο)
619 911 847 997 ἀταλάφρονα,
864 907 988 994 νήπιον
1004 899 1127 984 αὕτως,

182 1016 408 1108 Ἐκτορίδην’
390 1016 571 1104 αγαπητόν,
588 1012 739 1099 άλίγκιον
755 1009 868 1093 άστέρι
883 1013 987 1127 καλφ,
1099 1013 1149 1067 401

187 1118 296 1207 τόνδ’
304 1117 431 1203 Ἕκτωρ
442 1117 597 1184 καλέεσκε
612 1111 861 1198 Σκαμάνδριον,
879 1101 987 1188 αὐτάρ
1005 1103 1040 1168 οί
1054 1098 1150 1167 ἄλλοι

185 1213 410 1288 Ἀστυάνακτ’·
434 1211 555 1292 οίος
516 1239 581 1299 γαρ
598 1210 712 1298 ἐρύετο
719 1209 826 1276 Ἴλιον
833 1206 972 1292 “.Εκτωρ

188 1319 262 1406 ἤτοι
278 1314 296 1385 ὁ
314 1317 375 1401 μὲν
390 1319 544 1400 μείδησεν
561 1308 644 1379 ίδάυ
659 1314 692 1389 ἐς
707 1312 807 1376 παῖδα
823 1313 949 1393 σιωπή·

188 1413 390 1501 Ἀνδρομάχη
407 1413 444 1480 δέ
458 1415 491 1478 οἱ
506 1411 581 1497 άγχι
596 1415 775 1496 παρίστατο
794 1406 1040 1491 δακρυχέουσα,
1100 1415 1150 1468 λῦε

192 1521 229 1583 ἐν
245 1511 269 1580 τ’
287 1512 352 1598 άρα
368 1515 401 1578 oc
415 1517 464 1596 φῦ
479 1511 561 1596 χειρὶ
574 1513 651 1588 ἔπος
666 1505 691 1574 τ’
710 1504 800 1592 ἔφατ’
818 1511 855 1574 ἐκ
872 1505 897 1572 τ’
914 1503 1082 1590 ὀνόμαζεν

234 1609 441 1699 ,,Λαιμόυιε,
465 1613 581 1692 φθίσει
597 1627 634 1674 σε
649 1605 686 1674 τὸ
705 1605 767 1673 σὸυ
783 1609 883 1692 μένος
899 1599 975 1672 οὐδ’
994 1604 1151 1686 ἐλεαίρεις

192 1709 291 1778 παῖδά
306 1733 341 1774 τε
357 1712 517 1793 νηπίαχον
533 1707 589 1774 καὶ
604 1703 650 1792 ἔμ’
667 1705 833 1830 άμμορον,
848 1701 870 1792 ἢ
884 1703 966 1790 τάχα
981 1701 1069 1789 χήρη

193 1816 253 1876 σεῦ
269 1812 397 1893 ἔσομαι
414 1804 496 1890 τάχα
511 1804 576 1891 γάρ
593 1824 630 1872 σε
646 1805 930 1873 κατακτανέουσιν
936 1797 1069 1887 Αχαιοὶ

194 1905 313 1984 πάντες
329 1906 588 2023 ἐφορμηθέντες·
606 1906 677 1990 ἐμοὶ
696 1907 733 1970 δέ
747 1929 785 1972 κε
800 1904 937 1991 κέρδιον
953 1909 1004 1984 εἴη
1102 1911 1152 1965 410

194 2013 255 2073 σεῦ
272 2001 512 2090 άφαμαρτούσῃ
528 2000 637 2089 χθόνα
654 2001 809 2088 δύμεναι·
828 1997 871 2069 ού
886 1998 951 2086 γάρ
968 1994 1008 2066 ἐτ’
1030 1995 1118 2081 άλλη

195 2109 284 2170 ἔσται
299 2098 474 2188 θαλπωρή,
490 2095 597 2169 έπελ“
576 2127 619 2168 αν
635 2100 717 2186 σύγε
733 2100 861 2187 πότμον
877 2102 1030 2217 ἐπίσπῃς,

193 2197 299 2267 άλλ’”
277 2197 341 2286 αχέ
351 2225 357 2238 ·
376 2196 457 2266 οὐδέ
469 2203 528 2283 μοί
540 2200 608 2266 ἐστι
625 2221 732 2285 πατηρ
749 2202 804 2268 καὶ
820 2197 940 2267 πότνια
957 2196 1079 2284 μήτηρ.

194 2297 265 2383 ήτοι
280 2295 344 2383 γάρ
362 2293 470 2380 πατέρ’
488 2293 577 2382 άμδυ
593 2294 754 2384 ἀπέκτανε
770 2302 838 2376 δῖος
850 2292 1046 2382 Ἀχιλλεύς,

193 2400 228 2463 ἐκ
246 2396 281 2464 δὲ
296 2395 396 2463 πόλιν
411 2399 531 2481 πέρσεν
546 2401 694 2464 Κιλίκων
711 2394 967 2480 εύναιετάωσαν,
1103 2407 1152 2460 415

196 2493 310 2581 Θήβην
326 2490 507 2569 ὑψίπυλον·
526 2492 609 2562 κατά
626 2493 657 2562 δ’
676 2499 812 2564 ἔκτανεν
825 2492 996 2579 Ἠετίωνα,

194 2590 276 2660 ούδέ
289 2619 346 2679 μιν
362 2592 532 2682 ἐξενάριξε,
550 2593 735 2682 σεβάσσατο
750 2593 816 2682 γάρ
832 2595 909 2680 τόγε
925 2601 1041 2682 θυμῷ,

194 2689 263 2759 ἀλλ’
281 2689 346 2775 ἄρα
362 2719 418 2778 μιν
435 2694 569 2790 κατέκηε
586 2695 651 2763 σὺν
667 2700 773 2763 ἔντεσι
789 2695 1015 2762 δαιδαλέοισιν

195 2786 248 2873 ἡδ’
266 2791 317 2856 ἐπὶ
333 2795 409 2876 σῆμ’
431 2797 534 2876 ἔχεεν·
551 2793 626 2879 περὶ
644 2794 680 2862 δὲ
697 2796 832 2873 πτελέας
848 2792 1042 2880 ἐφύτευσαν

193 2887 322 2972 νύμφαι
353 2885 548 2976 ὀρεστιάδες,
565 2901 685 2981 κοῦραι
700 2891 783 2972 Διός
800 2893 970 2980 αἰγιόχοιο.
1104 2905 1153 2959 4λο

195 2989 228 3050 οἳ
243 2985 282 3052 δέ
293 3011 348 3070 μοι
364 2985 443 3054 ἑπτά
459 2995 650 3080 κασύγυητοι
665 2999 745 3062 ἐσαν
760 2996 797 3060 έν
812 2991 1024 3079 μεγάροισιν,

196 3085 229 3147 os
242 3085 302 3167 μὲν
317 3084 437 3165 πάντες
452 3094 492 3177 ίρῖ
506 3095 581 3158 κίον
596 3091 696 3179 ἤματι
710 3093 820 3170 ’Ἇιδος
836 3101 931 3160 είσω·

195 3179 320 3261 πάντας
334 3185 397 3270 γὰρ
413 3191 596 3275 κατέπεφνε
612 3191 780 3278 ποδάρκης
797 3194 867 3270 δῖος
881 3186 1062 3276 Ἀχιλλεύς,

195 3281 345 3364 βουσὶνέ
345 3280 376 3348 π’
392 3310 406 3352 ε
409 3286 590 3356 λιποδεσσι
606 3288 697 3358 καὶ’
677 3297 841 3378 αργευνῇς
857 3287 997 3358 ὀίεσσιν.

195 3377 315 3494 μητέρα
332 3378 404 3466 δ’,
392 3408 411 3469 η
406 3381 638 3470 βασίλευεν
621 3386 686 3456 υπὸ
704 3388 829 3476 Πλάκῳ
848 3385 1008 3478 ὑληέσσῃ,
1107 3400 1154 3454 m

196 3471 255 3602 τὴν
270 3474 375 3546 ἐπεὶ
354 3506 396 3564 αρ
413 3482 538 3571 δεῦρ’”
517 3483 608 3572 ηγαγ’
627 3483 678 3573 ἅμ’
697 3455 825 3554 άλλοιόι
841 3489 1048 3574 κτεάτεσσιν,
