2412 3918
201 257 262 318 τοι
382 331 384 336 .
543 258 816 316 ιΛιΑιοΣΛ.

199 418 306 486 πολλοὶ
324 415 357 487 δ’
375 421 413 484 ἐν
430 415 634 502 Ἀντιμάχοιο
654 415 768 501 δόμοις
783 416 935 504 κειμήλια
952 429 1066 503 κτίται,

199 516 320 606 χαλκός
334 542 370 584 τε
386 515 509 600 χρυσός
525 541 560 582 τε
576 513 786 599 πολύκμητός
801 539 836 580 τε
854 505 999 601 δίδηρος,

199 625 267 683 των
283 620 341 696 κέν
357 641 408 682 τοι
424 620 592 700 χαρίσαιτο
610 611 718 697 πατὴρ
736 609 891 695 ἀπερείσι’
908 611 1042 698 ἀποινα,

200 721 229 781 εί
245 723 308 782 νῶι
322 713 426 795 ζωούς
440 710 613 782 πεπύθοιτ’
630 715 683 779 ἐπὶ
699 711 820 796 νηυσίν
838 709 1011 796 Ἀχαιόν.“
1096 725 1137 779 1³5

245 809 304 892 Ὦς
321 811 406 898 τύγε
422 817 575 880 κλαίοντε
591 809 828 897 προσαυδήτην
841 817 984 898 βασιλῆα

200 919 367 999 μειλιχίοις
380 915 544 980 ἐπέεσσιν·
564 907 751 996 ἀμείλικτον
770 907 803 976 δ’
820 905 873 977 ἀπ’
892 907 1044 989 ἄκουσαν

243 1015 309 1097 „Et
324 1013 386 1098 μὲν
402 1009 443 1096 δή
462 1009 667 1096 Ἀντιμάχοιο
684 1011 865 1093 δαΐφρονος
881 1007 967 1086 υίίες
984 1003 1088 1090 ἐστόν,

200 1108 239 1189 ὅς
254 1106 324 1176 ποτ’
342 1111 391 1177 ἐνὶ
410 1108 537 1192 Τροίαν
552 1106 659 1194 ἀγορῇ
676 1110 854 1175 Μενέλαον
869 1105 1012 1191 ἀνωγεν,

200 1204 356 1293 ἀγγελίην
372 1206 516 1276 ἐλθόντα
533 1205 599 1274 σύν
615 1204 760 1293 άντνθίφ
775 1201 917 1290 Ὀδυσῆι,
1098 1217 1139 1268 140

201 1298 284 1374 αύθι
301 1321 509 1374 κατακτεῖναι
525 1303 602 1390 μηδ’
622 1306 735 1390 ε’ξίμεν
750 1300 798 1383 ἀψ
816 1305 850 1382 ἐς
866 1298 1026 1387 Ἀχαιούς,
1087 1315 1091 1322 ’

202 1413 266 1471 νῦν
281 1406 344 1491 μὲν
361 1401 401 1490 δή
418 1411 481 1472 τοῦ
497 1403 622 1488 πατρὸς
638 1400 748 1470 ἀεικέα
763 1407 868 1468 τίσετε
884 1399 1034 1487 λόβην.“

234 1495 279 1569 Ἠ
303 1503 359 1570 καὶ
374 1505 583 1588 Πείσανδρον
599 1501 661 1586 μὲν
675 1497 731 1584 ἀφ’
747 1503 859 1567 ἳππων
876 1491 942 1566 ύσε
957 1502 1085 1584 χαμᾶζε,

201 1601 296 1683 δουρὶ
314 1597 427 1685 βαλών
443 1597 528 1682 πρὸς
544 1605 683 1684 στῆθος·
701 1595 764 1666 ὁδ’
774 1597 890 1677 ὕπτιος
901 1596 995 1664 ούδει
1006 1601 1138 1679 ἐρείσθη.

132 1698 137 1708 '
201 1693 435 1782 1ππόλοχοςδ’
454 1694 634 1783 ἀπόρουσε,
652 1696 711 1763 τὸν
729 1689 772 1762 αὖ
782 1697 881 1782 χαμαί
891 1695 1084 1780 ἐξενάριξεν,
1097 1704 1139 1758 145

113 1855 118 1866 .
199 1809 308 1882 χεῖρας
323 1795 388 1862 ἀπὸ
408 1799 495 1879 ξίφεϊ
508 1794 630 1880 τμήξας
646 1794 712 1862 ἀπό
729 1792 753 1861 τ’
773 1793 896 1880 αὐχένα
913 1792 1031 1876 κόψας,

200 1891 304 1979 ὅλμον
320 1893 352 1961 δ’
366 1891 409 1972 ἀς
426 1899 540 1960 ἔσσευε
557 1898 775 1960 κυλίνδεσθαι
792 1891 831 1960 δι’
849 1889 975 1978 ὁμίλου.

201 1990 276 2072 τούς
291 1997 353 2080 μὲν
369 1989 445 2060 ἕαό·
464 1989 482 2062 ὁ
499 1991 530 2059 δ’
551 1991 610 2060 ὅθι
626 1999 774 2059 πλείσταν
784 1993 961 2060 κλονέοντο
972 1988 1139 2074 φάλαγγες,

200 2099 238 2177 τῇ
254 2089 283 2176 δ’
301 2089 467 2177 ἐνόρουσ’,
486 2089 555 2176 ἅμα
571 2088 603 2157 δ’
621 2088 716 2158 ἄλλοι
732 2089 927 2176 ἐϋκνήμιδες
945 2088 1074 2174 Ἀχαιοί.

198 2190 287 2268 πεζοί
304 2187 365 2272 μὲν
381 2187 499 2268 πεζούς
516 2189 635 2256 ὄλεκον
651 2187 837 2273 φεύγοντας
854 2186 995 2274 ἀνάγκη,
1097 2199 1141 2250 150

197 2289 305 2363 ίππεϊς
324 2283 355 2350 δ’
374 2289 497 2371 ίππήας
513 2323 531 2336 -
547 2282 613 2352 ὑπὸ
631 2289 669 2352 δέ
682 2305 798 2370 σφισιν
817 2279 902 2368 ἀρτο
920 2291 1015 2370 κονίη

197 2387 233 2450 ἐκ
251 2387 377 2468 πεδίου,
395 2381 458 2468 τήν
476 2376 589 2470 άρσαν
605 2387 796 2471 ἐρίγδουποι
812 2384 913 2462 πόδες
929 2387 1042 2450 ἵππων
1059 2421 1075 2430 -

197 2487 307 2570 χαλκῷ
324 2479 507 2566 δηϊόωντες.
539 2479 623 2569 ἀτάρ
641 2487 762 2567 κρείων
780 2480 992 2567 Ἀγαμέμνων
1094 2533 1097 2540 .

198 2579 270 2656 αίὲν
286 2576 492 2648 ἀποκτείνων
508 2576 603 2666 ἕπετ’,
623 2578 796 2665 Ἀργείοισι
812 2577 970 2647 κελεύων.

198 2673 242 2756 ὡς
259 2675 292 2745 δ’
310 2676 365 2744 ὅτε
381 2685 449 2764 πῦρ
466 2675 604 2762 ἀίδηλον
620 2681 658 2746 ίν
675 2678 785 2766 ἀξύλῳ
802 2677 926 2764 ἐμπίση
944 2674 1024 2762 ὕλη·
1099 2690 1142 2742 155

196 2775 303 2862 πάντη
319 2775 345 2844 τ’
363 2775 531 2861 εἰλυφόων
548 2775 670 2862 ἀνεμος
686 2781 790 2863 φέρει,
810 2779 843 2842 οί
858 2779 898 2843 δέ
910 2799 945 2842 τε
961 2773 1088 2859 θάμνοι
1114 2843 1117 2850 ,

195 2875 366 2962 πρόρριζοι
383 2881 560 2962 πίπτουσιν
577 2876 784 2960 ἐπενγόμενοι
800 2871 908 2958 πυρός
924 2867 1027 2959 ὁρμή

196 2968 239 3050 τίς
257 2971 308 3058 ἀρ’
326 2971 380 3039 ὑπ’
400 2971 545 3060 Ἀτρείδη
563 2971 778 3058 Ἀγαμίμνονι
794 2985 891 3040 πῖπτε
907 2972 1039 3058 κάρηνα

197 3070 324 3152 Τροίαν
340 3069 546 3157 φευγόντων,
563 3073 680 3139 πολλοὶ
698 3069 731 3138 δ’
747 3071 935 3157 ἐριαύχενες
950 3073 1048 3136 ἵπποι

194 3165 273 3236 κείν’
290 3169 367 3254 ὄχεα
383 3169 576 3253 κροτάλιζον
591 3166 657 3237 ἀνά
675 3174 848 3256 πτολέμοιο
865 3167 1027 3255 γεφύρας,
1099 3180 1145 3234 160

193 3263 348 3352 ἡνιόχους
363 3271 545 3345 ποθέοντες
563 3265 744 3354 ἀμύμονας.
771 3272 804 3336 οί
819 3265 852 3335 δ’
869 3261 923 3336 ἐπὶ
939 3273 1018 3355 γαίη

192 3371 313 3450 κείατο,
330 3366 494 3450 γύπεσσιν
509 3363 596 3434 πολύ
614 3372 762 3451 φίλτεροι
776 3362 799 3452 ή
814 3365 996 3451 ἀλόχοισιν.

225 3459 367 3544 Ἕκτορα
384 3461 414 3530 δ’
438 3467 474 3532 ἐκ
492 3469 617 3549 βελέων
633 3465 740 3551 ὕπαγε
756 3463 843 3544 Ζεύς
859 3469 896 3533 ἐκ
913 3489 948 3531 τε
965 3467 1079 3550 κονίης
