2492 3920
182 269 203 333 ὓ
524 266 743 326 ΙΛΙΑΔΟΣ
760 267 798 323 Α.

182 427 302 520 ήὸδόν
319 431 504 515 ἐλθέμεναι,
524 418 547 512 ή
563 421 725 511 ἀνδράσιν
743 421 795 510 ἶφι
811 424 992 510 μάχεσθαις

183 530 225 602 06
241 529 305 619 γάρ
323 527 387 616 ἐγώ
409 525 535 612 Τρώων
553 520 634 592 ἕνεκ’
652 520 786 611 ήλυθον
804 521 994 608 αίχμητάωυ

184 637 282 719 δεῦρο
299 624 537 715 μαχησόμενος,
556 624 627 690 ἐπεὶ
643 619 717 690 οὔτε
734 648 791 708 μοι
807 627 908 691 αίτιοί
922 626 1015 691 είσιν.

183 726 225 798 οὐ
240 727 305 814 γάρ
322 720 479 794 πώποτ’ἐ
463 719 543 808 ἐμάς
559 727 642 808 βοῦς
657 719 797 810 ήλασαν,
815 719 894 790 οὐδὲ
910 721 973 808 μὲν
988 724 1126 807 ἵππους,

183 822 347 896 οὐδέποτ’
366 827 402 892 ἐν
420 827 512 909 Φθίη
527 818 705 907 ἐριβώλακι
725 825 922 908 βωτιανείρῃ
1090 834 1142 888 155
1234 859 1235 904 6

182 921 314 1048 καρπόν
330 917 532 1042 ἐδηλήσαντ’,
550 914 641 1004 ἐπειή
660 917 749 1004 μάλα
766 915 873 987 πολλὰ
891 911 1016 1004 μεταξά

182 1023 285 1112 οὔρεά
302 1048 337 1090 τε
354 1019 507 1088 σκιόεντα
523 1016 679 1088 θάλασσά
694 1042 730 1084 τε
746 1013 906 1104 ήχήεσσα·
1234 1073 1235 1098 ,

183 1121 266 1193 ἀλλά
277 1111 377 1206 σοί,’
350 1147 375 1187 ω
386 1121 447 1205 μέγ
446 1113 662 1202 ’ἀναιδὲς,ἀμ
661 1111 874 1201 ἑ’σπόμεθ’,”
853 1139 944 1200 οφρα
957 1110 1001 1181 σὺ
1012 1119 1142 1202 χαίρῃς,
1234 1109 1235 1176 6

182 1221 281 1309 τιμήν
297 1217 479 1304 ἀρνύμενοι
495 1214 661 1304 Μενελάῳ
678 1219 735 1282 σοί
747 1239 793 1303 τε,
809 1219 961 1299 κυνῶπα,

182 1317 267 1446 πρὸς
280 1315 419 1403 Τρώων·
438 1321 507 1383 τῶν
523 1339 597 1382 ουτι
608 1314 792 1401 μετατρέπῃ
803 1309 879 1381 ουδ
891 1309 1064 1397 ἀλεγιῗεις·
1090 1323 1144 1380 160

183 1447 238 1488 και
228 1417 296 1504 δή
313 1441 370 1502 μοι
385 1415 484 1500 γέρας
501 1411 601 1492 αάτός
616 1409 865 1500 ἀφαιρήσεσθαι
882 1409 1038 1496 ἀπειλεῖς,

184 1545 211 1609 ω
199 1509 282 1585 ἐπι
299 1511 391 1584 πόλλ’
410 1512 564 1600 ἐμόγησα,
583 1511 688 1580 δόσαν
707 1514 814 1598 δόμοι
831 1504 1067 1594 νίεςἈχαιῶν.

184 1642 226 1684 ου
216 1613 304 1700 ’μὲν
321 1618 376 1680 σοί
391 1636 470 1679 ποτε
484 1607 560 1679 ἶσον
576 1616 637 1696 ἔχω
654 1614 763 1697 γέρας,
781 1606 895 1678 ὁππότ’
911 1606 1033 1695 Ἀχαιοὶ

188 1711 312 1800 Τρώων
329 1707 511 1796 ἐκπέρσωσ’
531 1707 749 1796 εάναιόμενον
765 1713 981 1794 πτολίεθρον·

168 1807 269 1881 ,ἀλλὰ
284 1836 321 1877 το
310 1807 534 1900 μὲνπλεϊον
546 1807 726 1887 πολυάϊκος
741 1809 898 1895 πολέμοιο
1089 1821 1146 1877 165
1234 1813 1235 1884 6

185 1923 288 1998 χεῖρες
304 1908 377 1994 ἐμαί
393 1905 561 1974 διέπουώ·
579 1904 662 1992 ἀτάρ
679 1907 724 1994 ήν
738 1931 817 1975 ποτε
834 1904 959 1994 δασμός
974 1910 1100 1994 ἵκηται,

186 2009 238 2078 σοὶ
254 2004 290 2076 τὸ
307 2008 405 2094 γέρας
421 2003 507 2074 πολὺ
524 2011 649 2092 μεῖζον,
666 2002 730 2091 ἐγώ
747 2003 779 2072 δ’
796 2003 912 2092 ὀλίγον
929 2031 965 2074 τε
984 2011 1090 2092 φίλον
1107 2031 1148 2074 τε
1234 2029 1235 2098 6

186 2103 291 2193 ἔρχομ’
311 2111 394 2192 ἔχων
411 2106 463 2172 ἐπὶ
480 2111 571 2191 νήας,
589 2108 663 2172 ἐπεί
675 2129 713 2172 κε
731 2103 826 2191 κάμω
843 2111 1039 2193 πολεμίζων.
1234 2101 1235 2104 “

185 2213 251 2274 νῦν
267 2201 299 2271 δ’
319 2201 383 2290 εἶμι
400 2200 557 2289 Φθίηνδ,
577 2198 666 2288 ἐπειή
689 2199 776 2271 πολά
793 2205 958 2292 φέρτερόν
974 2209 1067 2275 ἐστιν
1234 2271 1235 2292 ,

186 2300 294 2372 οίκαδ’
311 2311 386 2387 ίμεν
403 2299 470 2368 σὺν
486 2304 584 2388 νηυσὶ
599 2305 788 2389 κορωνίσιν,
807 2301 888 2372 0666
903 2302 937 2372 σ’
955 2301 1016 2374 ἀίω
1089 2318 1150 2376 170
1234 2379 1235 2398 ,

189 2398 305 2468 ἐνθάδ’
323 2399 438 2487 ἀτιμος
452 2396 517 2468 ἐών
532 2397 657 2486 ἀφενος
672 2400 728 2468 καί
743 2407 892 2469 πλοῦτον
908 2399 1062 2488 ἀφύξειν.
1066 2409 1089 2444 “

101 2557 105 2566 .
251 2495 368 2564 Τδνδ’
385 2494 530 2619 ήμείβετ’
548 2503 658 2565 ἔπειτα
674 2495 757 2578 ἀναξ
773 2495 909 2588 ἀνδρών
923 2499 1150 2588 Ἀγαμέμνων
1234 2503 1235 2534 ¹

185 2603 312 2684 ,φεῦγε
329 2593 414 2682 μόλ’,
431 2603 466 2664 ελ
475 2621 526 2664 τοι
542 2592 654 2682 θυμός
670 2598 861 2684 ἐπίσσυτοι,
883 2595 1016 2668 οάδὲσ’
1036 2605 1151 2686 ἔγωγε
1234 2617 1235 2680 6

187 2696 386 2778 λίσσομαι“
356 2717 443 2760 εινεκ
441 2689 556 2778 ’ἐμεῖο
574 2696 700 2778 μένειν
718 2692 794 2780 πόρ’
814 2701 926 2782 ἔμοιγε
942 2700 1000 2765 καί
1017 2695 1121 2766 ἄλλοι
1234 2653 1235 2784 6

187 2815 218 2858 οι
205 2791 272 2858 ‘'u6
287 2814 327 2875 με
342 2788 527 2875 τιμήσουσι,
545 2789 685 2876 μάλιστα
703 2791 740 2860 δὲ
755 2799 890 2879 μητίετα
905 2795 1003 2875 Ζεύς.
1096 2812 1155 2868 175
1234 2795 1235 2890 6

188 2893 336 2972 ἔχθιστος
353 2889 392 2954 δέ
405 2890 464 2972 μοί
477 2889 548 2954 ἐσσι
576 2892 784 2975 διοτρεφέων
796 2893 984 2980 βασιλήων·

187 2985 250 3052 αίεὶ
265 2983 329 3070 γάρ
345 3009 397 3051 τοι
414 2990 481 3068 ἐρις
498 3011 533 3052 τε
550 2993 629 3072 φίλη
648 2987 789 3073 πόλεμοί
801 3014 837 3056 τε
853 2990 955 3077 μάχαι
971 3017 1018 3060 τε.

188 3087 218 3150 εί
231 3081 319 3168 μάλα
335 3081 493 3169 καρτερός
509 3086 589 3170 ἐσσι,
606 3084 688 3164 θεός
705 3108 772 3154 που
789 3087 897 3155 σολ’
857 3085 926 3175 τογ’
945 3095 1085 3160 ἔδωκεν

188 3177 296 3248 οἴκαδ’
315 3174 389 3246 ἰών
392 3175 457 3246 σὺν
474 3187 576 3265 νηυσί
586 3208 622 3249 τε
638 3189 698 3272 σής
714 3185 770 3253 καὶ
786 3201 857 3265 σοῖς
873 3187 1047 3272 ἑτάροισιν

188 3275 495 3363 Μυρμιδονεσσιν
472 3298 606 3367 ανασσε,
619 3282 762 3351 σεθενδ
774 3281 892 3369 ἐγω
850 3310 915 3354 ουκ
927 3285 1082 3408 ἀλεγίζω,
1097 3309 1160 3364 ιοο

188 3373 263 3443 οὐδ’
282 3372 406 3459 ὄθομαι
422 3377 606 3460 κοτέοντος·
625 3377 791 3468 ἀπειλήσω
810 3385 850 3450 δέ
863 3407 915 3451 τοι
932 3377 1015 3453 ώδε·

189 3469 235 3550 ἀς
250 3468 297 3556 ἔμ’
314 3468 500 3556 ἀφαιρεῖται
515 3482 687 3564 Χρυσηίδα
704 3485 827 3566 Φοῖβος
842 3477 1027 3557 Ἀπόλλων.
