<?xml version="1.0" encoding="UTF-8"?>
<!DOCTYPE html PUBLIC "-//W3C//DTD XHTML 1.0 Transitional//EN"
    "http://www.w3.org/TR/xhtml1/DTD/xhtml1-transitional.dtd">
<html xmlns="http://www.w3.org/1999/xhtml" xml:lang="en" lang="en">
 <head>
  <title>
</title>
<meta http-equiv="Content-Type" content="text/html;charset=utf-8" />
  <meta name='ocr-system' content='tesseract 3.04.00' />
  <meta name='ocr-capabilities' content='ocr_page ocr_carea ocr_par ocr_line ocrx_word'/>
</head>
<body>
  <div class='ocr_page' id='page_1' title='image "./homericarminaad01baumgoog_0227.png"; bbox 0 0 2412 3918; ppageno 0'>
   <div class='ocr_carea' id='block_1_1' title="bbox 198 267 801 368">
    <p class='ocr_par' dir='ltr' id='par_1_1' title="bbox 198 267 801 368">
     <span class='ocr_line' id='line_1_1' title="bbox 198 267 801 368; baseline -0.013 -33"><span class='ocrx_word' id='word_1_1' title='bbox 198 272 257 336; x_wconf 72' lang='lat'><em>172</em></span> <span class='ocrx_word' id='word_1_2' title='bbox 539 267 801 368; x_wconf 25' lang='grc' dir='ltr'><em>ΙΛΙΑΔΟΣΙΙ.</em></span> 
     </span>
    </p>
   </div>
   <div class='ocr_carea' id='block_1_2' title="bbox 197 427 1147 1113">
    <p class='ocr_par' dir='ltr' id='par_1_2' title="bbox 197 427 1146 1018">
     <span class='ocr_line' id='line_1_2' title="bbox 197 427 1098 518; baseline -0.013 -14"><span class='ocrx_word' id='word_1_3' title='bbox 197 433 277 504; x_wconf 83' lang='grc' dir='ltr'><em>οόδέ</em></span> <span class='ocrx_word' id='word_1_4' title='bbox 290 439 323 501; x_wconf 90' lang='grc' dir='ltr'><em>τί</em></span> <span class='ocrx_word' id='word_1_5' title='bbox 336 435 370 500; x_wconf 92' lang='grc' dir='ltr'><em>οἰ</em></span> <span class='ocrx_word' id='word_1_6' title='bbox 383 428 508 518; x_wconf 81' lang='grc' dir='ltr'><em>βουλάς</em></span> <span class='ocrx_word' id='word_1_7' title='bbox 523 430 793 518; x_wconf 79' lang='grc' dir='ltr'><em>συμφράσσομαι,</em></span> <span class='ocrx_word' id='word_1_8' title='bbox 810 427 888 498; x_wconf 76' lang='grc' dir='ltr'><em>οὐδὲ</em></span> <span class='ocrx_word' id='word_1_9' title='bbox 904 429 965 514; x_wconf 76' lang='grc' dir='ltr'><em>μὲν</em></span> <span class='ocrx_word' id='word_1_10' title='bbox 983 431 1098 512; x_wconf 80' lang='grc' dir='ltr'><em>ἔργον·</em></span> 
     </span>
     <span class='ocr_line' id='line_1_3' title="bbox 198 514 1145 621; baseline -0.014 -18"><span class='ocrx_word' id='word_1_11' title='bbox 198 540 232 603; x_wconf 88' lang='grc' dir='ltr'><em>ἐκ</em></span> <span class='ocrx_word' id='word_1_12' title='bbox 249 532 315 621; x_wconf 85' lang='grc' dir='ltr'><em>γάρ</em></span> <span class='ocrx_word' id='word_1_13' title='bbox 334 532 376 620; x_wconf 90' lang='grc' dir='ltr'><em>δή</em></span> <span class='ocrx_word' id='word_1_14' title='bbox 393 529 428 619; x_wconf 89' lang='grc' dir='ltr'><em>μ’</em></span> <span class='ocrx_word' id='word_1_15' title='bbox 449 529 596 619; x_wconf 79' lang='grc' dir='ltr'><em>ἀπάτησε</em></span> <span class='ocrx_word' id='word_1_16' title='bbox 618 533 674 598; x_wconf 88' lang='grc' dir='ltr'><em>καί</em></span> <span class='ocrx_word' id='word_1_17' title='bbox 688 529 816 616; x_wconf 78' lang='grc' dir='ltr'><em>ἤλιτεν·</em></span> <span class='ocrx_word' id='word_1_18' title='bbox 840 522 918 596; x_wconf 68' lang='grc' dir='ltr'><em>οὐδ’</em></span> <span class='ocrx_word' id='word_1_19' title='bbox 933 521 977 594; x_wconf 88' lang='grc' dir='ltr'><em>άν</em></span> <span class='ocrx_word' id='word_1_20' title='bbox 996 524 1043 593; x_wconf 81' lang='grc' dir='ltr'><em>ἔτ’</em></span> <span class='ocrx_word' id='word_1_21' title='bbox 1062 514 1145 602; x_wconf 75' lang='grc' dir='ltr'><em>αὖτις</em></span> 
     </span>
     <span class='ocr_line' id='line_1_4' title="bbox 198 625 1146 720; baseline -0.012 -18"><span class='ocrx_word' id='word_1_22' title='bbox 198 629 391 720; x_wconf 78' lang='grc' dir='ltr'><em>ἐξαπάφοιτ’</em></span> <span class='ocrx_word' id='word_1_23' title='bbox 411 632 575 700; x_wconf 82' lang='grc' dir='ltr'><em>ἐπέεσσιν·</em></span> <span class='ocrx_word' id='word_1_24' title='bbox 595 629 667 709; x_wconf 86' lang='grc' dir='ltr'><em>άλις</em></span> <span class='ocrx_word' id='word_1_25' title='bbox 683 631 722 697; x_wconf 84' lang='grc' dir='ltr'><em>δέ</em></span> <span class='ocrx_word' id='word_1_26' title='bbox 737 632 777 696; x_wconf 90' lang='grc' dir='ltr'><em>οἰ.</em></span> <span class='ocrx_word' id='word_1_27' title='bbox 801 625 884 696; x_wconf 85' lang='grc' dir='ltr'><em>ιἰλλά</em></span> <span class='ocrx_word' id='word_1_28' title='bbox 901 627 1018 712; x_wconf 80' lang='grc' dir='ltr'><em>ἕκηλος</em></span> <span class='ocrx_word' id='word_1_29' title='bbox 1101 634 1146 692; x_wconf 78' lang='grc'><em>376</em></span> 
     </span>
     <span class='ocr_line' id='line_1_5' title="bbox 200 723 1052 823; baseline -0.015 -19"><span class='ocrx_word' id='word_1_30' title='bbox 200 737 336 823; x_wconf 87' lang='grc' dir='ltr'><em>ἐρρέτω·</em></span> <span class='ocrx_word' id='word_1_31' title='bbox 355 736 391 802; x_wconf 92' lang='grc' dir='ltr'><em>ἐκ</em></span> <span class='ocrx_word' id='word_1_32' title='bbox 407 730 473 820; x_wconf 84' lang='grc' dir='ltr'><em>γάρ</em></span> <span class='ocrx_word' id='word_1_33' title='bbox 492 723 532 799; x_wconf 82' lang='grc' dir='ltr'><em>εὖ</em></span> <span class='ocrx_word' id='word_1_34' title='bbox 548 734 673 818; x_wconf 80' lang='grc' dir='ltr'><em>φρένας</em></span> <span class='ocrx_word' id='word_1_35' title='bbox 690 733 792 796; x_wconf 82' lang='grc' dir='ltr'><em>είλετο</em></span> <span class='ocrx_word' id='word_1_36' title='bbox 810 731 944 814; x_wconf 89' lang='grc' dir='ltr'><em>μητίετα</em></span> <span class='ocrx_word' id='word_1_37' title='bbox 959 723 1052 802; x_wconf 87' lang='grc' dir='ltr'><em>Ζεάς.</em></span> 
     </span>
     <span class='ocr_line' id='line_1_6' title="bbox 199 827 1112 921; baseline -0.013 -19"><span class='ocrx_word' id='word_1_38' title='bbox 199 830 306 921; x_wconf 82' lang='grc' dir='ltr'><em>ἐχθρά</em></span> <span class='ocrx_word' id='word_1_39' title='bbox 325 833 363 901; x_wconf 86' lang='grc' dir='ltr'><em>δέ</em></span> <span class='ocrx_word' id='word_1_40' title='bbox 376 857 433 919; x_wconf 94' lang='grc' dir='ltr'><em>μοι</em></span> <span class='ocrx_word' id='word_1_41' title='bbox 450 839 513 898; x_wconf 83' lang='grc' dir='ltr'><em>τοῦ</em></span> <span class='ocrx_word' id='word_1_42' title='bbox 533 837 634 918; x_wconf 78' lang='grc' dir='ltr'><em>δῶρα,</em></span> <span class='ocrx_word' id='word_1_43' title='bbox 651 836 709 898; x_wconf 91' lang='grc' dir='ltr'><em>τίω</em></span> <span class='ocrx_word' id='word_1_44' title='bbox 728 831 767 896; x_wconf 87' lang='grc' dir='ltr'><em>δέ</em></span> <span class='ocrx_word' id='word_1_45' title='bbox 781 855 838 914; x_wconf 93' lang='grc' dir='ltr'><em>μιν</em></span> <span class='ocrx_word' id='word_1_46' title='bbox 856 829 892 895; x_wconf 90' lang='grc' dir='ltr'><em>ἐν</em></span> <span class='ocrx_word' id='word_1_47' title='bbox 908 827 1010 915; x_wconf 86' lang='grc' dir='ltr'><em>καρὸς</em></span> <span class='ocrx_word' id='word_1_48' title='bbox 1026 833 1112 912; x_wconf 83' lang='grc' dir='ltr'><em>αἰσχ.</em></span> 
     </span>
     <span class='ocr_line' id='line_1_7' title="bbox 198 926 1039 1018; baseline -0.008 -18"><span class='ocrx_word' id='word_1_49' title='bbox 198 929 270 1000; x_wconf 82' lang='grc' dir='ltr'><em>οὐδ’</em></span> <span class='ocrx_word' id='word_1_50' title='bbox 292 941 325 999; x_wconf 86' lang='grc' dir='ltr'><em>εἰ</em></span> <span class='ocrx_word' id='word_1_51' title='bbox 337 957 393 1018; x_wconf 91' lang='grc' dir='ltr'><em>μοι</em></span> <span class='ocrx_word' id='word_1_52' title='bbox 410 930 541 1010; x_wconf 76' lang='grc' dir='ltr'><em>δεκάκις</em></span> <span class='ocrx_word' id='word_1_53' title='bbox 557 955 592 998; x_wconf 87' lang='grc' dir='ltr'><em>τε</em></span> <span class='ocrx_word' id='word_1_54' title='bbox 611 933 667 998; x_wconf 86' lang='grc' dir='ltr'><em>καί</em></span> <span class='ocrx_word' id='word_1_55' title='bbox 683 926 849 1006; x_wconf 83' lang='grc' dir='ltr'><em>εἰκοσάκις</em></span> <span class='ocrx_word' id='word_1_56' title='bbox 865 926 948 995; x_wconf 85' lang='grc' dir='ltr'><em>τόσα</em></span> <span class='ocrx_word' id='word_1_57' title='bbox 966 931 1039 1011; x_wconf 92' lang='grc' dir='ltr'><em>δοίη</em></span> 
     </span>
    </p>

    <p class='ocr_par' dir='ltr' id='par_1_3' title="bbox 200 1028 1147 1113">
     <span class='ocr_line' id='line_1_8' title="bbox 200 1028 1147 1113; baseline -0.003 -16"><span class='ocrx_word' id='word_1_58' title='bbox 200 1029 284 1098; x_wconf 80' lang='grc' dir='ltr'><em>λσσα</em></span> <span class='ocrx_word' id='word_1_59' title='bbox 299 1031 337 1097; x_wconf 91' lang='grc' dir='ltr'><em>τέ</em></span> <span class='ocrx_word' id='word_1_60' title='bbox 354 1033 387 1096; x_wconf 93' lang='grc' dir='ltr'><em>οἰ</em></span> <span class='ocrx_word' id='word_1_61' title='bbox 401 1037 467 1097; x_wconf 79' lang='grc' dir='ltr'><em>νῦν</em></span> <span class='ocrx_word' id='word_1_62' title='bbox 485 1031 564 1113; x_wconf 82' lang='grc' dir='ltr'><em>ἐστὶ,</em></span> <span class='ocrx_word' id='word_1_63' title='bbox 581 1029 637 1097; x_wconf 82' lang='grc' dir='ltr'><em>καὶ</em></span> <span class='ocrx_word' id='word_1_64' title='bbox 654 1037 687 1096; x_wconf 86' lang='grc' dir='ltr'><em>εἰ</em></span> <span class='ocrx_word' id='word_1_65' title='bbox 702 1037 810 1096; x_wconf 89' lang='grc' dir='ltr'><em>ποθεν</em></span> <span class='ocrx_word' id='word_1_66' title='bbox 827 1028 911 1094; x_wconf 88' lang='grc' dir='ltr'><em>άλλα</em></span> <span class='ocrx_word' id='word_1_67' title='bbox 927 1028 1068 1111; x_wconf 89' lang='grc' dir='ltr'><em>γένοιτο,</em></span> <span class='ocrx_word' id='word_1_68' title='bbox 1101 1039 1147 1094; x_wconf 78' lang='lat'><em>38⁰</em></span> 
     </span>
    </p>
   </div>
   <div class='ocr_carea' id='block_1_3' title="bbox 194 1227 1156 3593">
    <p class='ocr_par' dir='ltr' id='par_1_4' title="bbox 201 1227 1106 1514">
     <span class='ocr_line' id='line_1_9' title="bbox 202 1227 1106 1315; baseline -0.006 -19"><span class='ocrx_word' id='word_1_69' title='bbox 202 1234 395 1315; x_wconf 86' lang='grc' dir='ltr'><em>Αἰγυπτίας,</em></span> <span class='ocrx_word' id='word_1_70' title='bbox 414 1227 474 1296; x_wconf 81' lang='grc' dir='ltr'><em>ὅθι</em></span> <span class='ocrx_word' id='word_1_71' title='bbox 492 1236 627 1296; x_wconf 82' lang='grc' dir='ltr'><em>πλεῖστα</em></span> <span class='ocrx_word' id='word_1_72' title='bbox 644 1229 758 1315; x_wconf 91' lang='grc' dir='ltr'><em>δόμοις</em></span> <span class='ocrx_word' id='word_1_73' title='bbox 775 1231 812 1296; x_wconf 82' lang='grc' dir='ltr'><em>ἐν</em></span> <span class='ocrx_word' id='word_1_74' title='bbox 828 1227 976 1314; x_wconf 86' lang='grc' dir='ltr'><em>κτήματα</em></span> <span class='ocrx_word' id='word_1_75' title='bbox 993 1238 1106 1309; x_wconf 78' lang='grc' dir='ltr'><em>κεῖται,</em></span> 
     </span>
     <span class='ocr_line' id='line_1_10' title="bbox 201 1324 1072 1415; baseline -0.006 -19"><span class='ocrx_word' id='word_1_76' title='bbox 201 1325 275 1397; x_wconf 79' lang='grc' dir='ltr'><em>αἵθ’</em></span> <span class='ocrx_word' id='word_1_77' title='bbox 295 1327 519 1414; x_wconf 81' lang='grc' dir='ltr'><em>ἑκατόμπυλοί</em></span> <span class='ocrx_word' id='word_1_78' title='bbox 534 1333 606 1415; x_wconf 91' lang='grc' dir='ltr'><em>εἰσι,</em></span> <span class='ocrx_word' id='word_1_79' title='bbox 625 1327 788 1414; x_wconf 91' lang='grc' dir='ltr'><em>διηκόσιοι</em></span> <span class='ocrx_word' id='word_1_80' title='bbox 803 1325 832 1394; x_wconf 90' lang='grc' dir='ltr'><em>δ’</em></span> <span class='ocrx_word' id='word_1_81' title='bbox 854 1324 909 1394; x_wconf 77' lang='grc' dir='ltr'><em>ἄν’</em></span> <span class='ocrx_word' id='word_1_82' title='bbox 929 1324 1072 1409; x_wconf 86' lang='grc' dir='ltr'><em>ἑκάστην</em></span> 
     </span>
     <span class='ocr_line' id='line_1_11' title="bbox 201 1425 1005 1514; baseline -0.006 -19"><span class='ocrx_word' id='word_1_83' title='bbox 201 1427 316 1514; x_wconf 83' lang='grc' dir='ltr'><em>ἀνέρες</em></span> <span class='ocrx_word' id='word_1_84' title='bbox 332 1431 511 1514; x_wconf 79' lang='grc' dir='ltr'><em>ἐξοιχνεῦσι</em></span> <span class='ocrx_word' id='word_1_85' title='bbox 529 1427 593 1495; x_wconf 81' lang='grc' dir='ltr'><em>σὺν</em></span> <span class='ocrx_word' id='word_1_86' title='bbox 609 1431 759 1495; x_wconf 79' lang='grc' dir='ltr'><em>ἵπποισιν</em></span> <span class='ocrx_word' id='word_1_87' title='bbox 776 1427 832 1493; x_wconf 90' lang='grc' dir='ltr'><em>καί</em></span> <span class='ocrx_word' id='word_1_88' title='bbox 850 1425 1005 1510; x_wconf 81' lang='grc' dir='ltr'><em>ὄχεσφιν·</em></span> 
     </span>
    </p>

    <p class='ocr_par' dir='ltr' id='par_1_5' title="bbox 202 1521 1149 1910">
     <span class='ocr_line' id='line_1_12' title="bbox 205 1521 1149 1612; baseline -0.007 -16"><span class='ocrx_word' id='word_1_89' title='bbox 205 1525 280 1596; x_wconf 81' lang='grc' dir='ltr'><em>οὐδ’</em></span> <span class='ocrx_word' id='word_1_90' title='bbox 301 1536 334 1594; x_wconf 87' lang='grc' dir='ltr'><em>εἰ</em></span> <span class='ocrx_word' id='word_1_91' title='bbox 347 1552 403 1612; x_wconf 93' lang='grc' dir='ltr'><em>μοι</em></span> <span class='ocrx_word' id='word_1_92' title='bbox 419 1525 502 1595; x_wconf 86' lang='grc' dir='ltr'><em>τόσα</em></span> <span class='ocrx_word' id='word_1_93' title='bbox 520 1531 592 1612; x_wconf 92' lang='grc' dir='ltr'><em>δοίη</em></span> <span class='ocrx_word' id='word_1_94' title='bbox 611 1524 674 1594; x_wconf 81' lang='grc' dir='ltr'><em>ὅσα</em></span> <span class='ocrx_word' id='word_1_95' title='bbox 690 1523 848 1610; x_wconf 78' lang='grc' dir='ltr'><em>ψάμαθός</em></span> <span class='ocrx_word' id='word_1_96' title='bbox 863 1549 897 1590; x_wconf 88' lang='grc' dir='ltr'><em>τε</em></span> <span class='ocrx_word' id='word_1_97' title='bbox 915 1521 1010 1601; x_wconf 91' lang='grc' dir='ltr'><em>κόνις</em></span> <span class='ocrx_word' id='word_1_98' title='bbox 1026 1547 1071 1608; x_wconf 86' lang='grc' dir='ltr'><em>τε,</em></span> <span class='ocrx_word' id='word_1_99' title='bbox 1102 1534 1149 1590; x_wconf 77' lang='grc'><em>385</em></span> 
     </span>
     <span class='ocr_line' id='line_1_13' title="bbox 202 1620 1090 1711; baseline -0.002 -20"><span class='ocrx_word' id='word_1_100' title='bbox 202 1625 283 1692; x_wconf 81' lang='grc' dir='ltr'><em>οὐδέ</em></span> <span class='ocrx_word' id='word_1_101' title='bbox 295 1650 354 1692; x_wconf 88' lang='grc' dir='ltr'><em>κεν</em></span> <span class='ocrx_word' id='word_1_102' title='bbox 373 1621 418 1703; x_wconf 74' lang='grc' dir='ltr'><em>όές</em></span> <span class='ocrx_word' id='word_1_103' title='bbox 438 1629 488 1692; x_wconf 82' lang='grc' dir='ltr'><em>ἔτι</em></span> <span class='ocrx_word' id='word_1_104' title='bbox 504 1623 619 1711; x_wconf 85' lang='grc' dir='ltr'><em>θυμόν</em></span> <span class='ocrx_word' id='word_1_105' title='bbox 637 1622 718 1711; x_wconf 82' lang='grc' dir='ltr'><em>ἐμόν</em></span> <span class='ocrx_word' id='word_1_106' title='bbox 735 1620 851 1691; x_wconf 86' lang='grc' dir='ltr'><em>πείσει’</em></span> <span class='ocrx_word' id='word_1_107' title='bbox 867 1621 1090 1709; x_wconf 83' lang='grc' dir='ltr'><em>Ἀγαμέμνων,</em></span> 
     </span>
     <span class='ocr_line' id='line_1_14' title="bbox 202 1719 1115 1810; baseline -0.004 -20"><span class='ocrx_word' id='word_1_108' title='bbox 202 1731 280 1809; x_wconf 90' lang='grc' dir='ltr'><em>πρίν</em></span> <span class='ocrx_word' id='word_1_109' title='bbox 296 1721 330 1809; x_wconf 91' lang='grc' dir='ltr'><em>γ’</em></span> <span class='ocrx_word' id='word_1_110' title='bbox 350 1721 416 1790; x_wconf 84' lang='grc' dir='ltr'><em>άπὸ</em></span> <span class='ocrx_word' id='word_1_111' title='bbox 435 1731 546 1792; x_wconf 88' lang='grc' dir='ltr'><em>πάσαν</em></span> <span class='ocrx_word' id='word_1_112' title='bbox 561 1727 633 1810; x_wconf 81' lang='grc' dir='ltr'><em>ἐμοὶ</em></span> <span class='ocrx_word' id='word_1_113' title='bbox 651 1723 788 1810; x_wconf 90' lang='grc' dir='ltr'><em>δόμεναι</em></span> <span class='ocrx_word' id='word_1_114' title='bbox 803 1725 979 1809; x_wconf 76' lang='grc' dir='ltr'><em>θυμαλγέα</em></span> <span class='ocrx_word' id='word_1_115' title='bbox 996 1719 1115 1808; x_wconf 74' lang='grc' dir='ltr'><em>λώβην.</em></span> 
     </span>
     <span class='ocr_line' id='line_1_15' title="bbox 202 1819 1028 1910; baseline -0.006 -18"><span class='ocrx_word' id='word_1_116' title='bbox 202 1822 331 1908; x_wconf 83' lang='grc' dir='ltr'><em>κούρην</em></span> <span class='ocrx_word' id='word_1_117' title='bbox 348 1819 378 1888; x_wconf 91' lang='grc' dir='ltr'><em>δ’</em></span> <span class='ocrx_word' id='word_1_118' title='bbox 400 1819 441 1888; x_wconf 88' lang='grc' dir='ltr'><em>οὐ</em></span> <span class='ocrx_word' id='word_1_119' title='bbox 457 1826 571 1908; x_wconf 80' lang='grc' dir='ltr'><em>γαμέω</em></span> <span class='ocrx_word' id='word_1_120' title='bbox 592 1821 834 1910; x_wconf 83' lang='grc' dir='ltr'><em>Ἀγαμέμνονος</em></span> <span class='ocrx_word' id='word_1_121' title='bbox 852 1820 1028 1908; x_wconf 86' lang='grc' dir='ltr'><em>Ἀτρείδαο,</em></span> 
     </span>
    </p>

    <p class='ocr_par' dir='ltr' id='par_1_6' title="bbox 200 1920 939 2010">
     <span class='ocr_line' id='line_1_16' title="bbox 200 1920 939 2010; baseline -0.003 -21"><span class='ocrx_word' id='word_1_122' title='bbox 200 1920 276 1990; x_wconf 83' lang='grc' dir='ltr'><em>οὐδ’</em></span> <span class='ocrx_word' id='word_1_123' title='bbox 298 1927 327 1989; x_wconf 90' lang='grc' dir='ltr'><em>εἰ</em></span> <span class='ocrx_word' id='word_1_124' title='bbox 342 1928 478 2010; x_wconf 83' lang='grc' dir='ltr'><em>χρυσείη</em></span> <span class='ocrx_word' id='word_1_125' title='bbox 500 1921 677 2010; x_wconf 81' lang='grc' dir='ltr'><em>Ἀφροδίτη</em></span> <span class='ocrx_word' id='word_1_126' title='bbox 693 1923 815 2000; x_wconf 91' lang='grc' dir='ltr'><em>κάλλος</em></span> <span class='ocrx_word' id='word_1_127' title='bbox 831 1924 939 2009; x_wconf 79' lang='grc' dir='ltr'><em>ἐρίζοι,</em></span> 
     </span>
    </p>

    <p class='ocr_par' dir='ltr' id='par_1_7' title="bbox 201 2017 1150 2306">
     <span class='ocr_line' id='line_1_17' title="bbox 202 2017 1150 2110; baseline -0.003 -22"><span class='ocrx_word' id='word_1_128' title='bbox 202 2027 282 2108; x_wconf 78' lang='grc' dir='ltr'><em>ἔργα</em></span> <span class='ocrx_word' id='word_1_129' title='bbox 299 2017 329 2087; x_wconf 88' lang='grc' dir='ltr'><em>δ’</em></span> <span class='ocrx_word' id='word_1_130' title='bbox 351 2018 509 2110; x_wconf 83' lang='grc' dir='ltr'><em>Ἀθηναίη</em></span> <span class='ocrx_word' id='word_1_131' title='bbox 526 2021 733 2106; x_wconf 75' lang='grc' dir='ltr'><em>γλαυκώπιδι</em></span> <span class='ocrx_word' id='word_1_132' title='bbox 749 2026 948 2106; x_wconf 79' lang='grc' dir='ltr'><em>ἰσοφαρίζοι·</em></span> <span class='ocrx_word' id='word_1_133' title='bbox 1104 2029 1150 2085; x_wconf 76' lang='grc'><em>390</em></span> 
     </span>
     <span class='ocr_line' id='line_1_18' title="bbox 203 2117 1081 2206; baseline -0.005 -18"><span class='ocrx_word' id='word_1_134' title='bbox 203 2117 283 2188; x_wconf 83' lang='grc' dir='ltr'><em>οὐδέ</em></span> <span class='ocrx_word' id='word_1_135' title='bbox 297 2145 355 2205; x_wconf 92' lang='grc' dir='ltr'><em>μιν</em></span> <span class='ocrx_word' id='word_1_136' title='bbox 373 2117 418 2198; x_wconf 75' lang='grc' dir='ltr'><em>δός</em></span> <span class='ocrx_word' id='word_1_137' title='bbox 433 2121 560 2206; x_wconf 90' lang='grc' dir='ltr'><em>γαμέω·</em></span> <span class='ocrx_word' id='word_1_138' title='bbox 579 2117 596 2187; x_wconf 93' lang='grc' dir='ltr'>ὁ</span> <span class='ocrx_word' id='word_1_139' title='bbox 616 2117 648 2186; x_wconf 90' lang='grc' dir='ltr'><em>δ’</em></span> <span class='ocrx_word' id='word_1_140' title='bbox 664 2118 804 2206; x_wconf 76' lang='grc' dir='ltr'><em>Ἀχαιῶν</em></span> <span class='ocrx_word' id='word_1_141' title='bbox 820 2119 923 2186; x_wconf 78' lang='grc' dir='ltr'><em>ἄλλον</em></span> <span class='ocrx_word' id='word_1_142' title='bbox 941 2119 1081 2203; x_wconf 80' lang='grc' dir='ltr'><em>ἑλέσθω,</em></span> 
     </span>
     <span class='ocr_line' id='line_1_19' title="bbox 201 2216 1029 2306; baseline -0.004 -20"><span class='ocrx_word' id='word_1_143' title='bbox 201 2219 291 2298; x_wconf 83' lang='grc' dir='ltr'><em>ὅστις</em></span> <span class='ocrx_word' id='word_1_144' title='bbox 308 2217 340 2287; x_wconf 87' lang='grc' dir='ltr'><em>οἰ</em></span> <span class='ocrx_word' id='word_1_145' title='bbox 358 2218 390 2286; x_wconf 88' lang='grc' dir='ltr'><em>τ’</em></span> <span class='ocrx_word' id='word_1_146' title='bbox 408 2223 534 2287; x_wconf 78' lang='grc' dir='ltr'><em>ἐπέοικε</em></span> <span class='ocrx_word' id='word_1_147' title='bbox 555 2221 610 2288; x_wconf 88' lang='grc' dir='ltr'><em>καί</em></span> <span class='ocrx_word' id='word_1_148' title='bbox 628 2216 665 2298; x_wconf 79' lang='grc' dir='ltr'><em>ὃς</em></span> <span class='ocrx_word' id='word_1_149' title='bbox 680 2218 913 2306; x_wconf 80' lang='grc' dir='ltr'><em>βασιλεύτερός</em></span> <span class='ocrx_word' id='word_1_150' title='bbox 930 2221 1029 2286; x_wconf 89' lang='grc' dir='ltr'><em>ἐστιν.</em></span> 
     </span>
    </p>

    <p class='ocr_par' dir='ltr' id='par_1_8' title="bbox 200 2315 1152 2701">
     <span class='ocr_line' id='line_1_20' title="bbox 200 2315 1003 2405; baseline -0.005 -19"><span class='ocrx_word' id='word_1_151' title='bbox 200 2315 245 2405; x_wconf 86' lang='grc' dir='ltr'><em>ήν</em></span> <span class='ocrx_word' id='word_1_152' title='bbox 260 2318 324 2404; x_wconf 84' lang='grc' dir='ltr'><em>γάρ</em></span> <span class='ocrx_word' id='word_1_153' title='bbox 343 2319 384 2405; x_wconf 95' lang='grc' dir='ltr'><em>δή</em></span> <span class='ocrx_word' id='word_1_154' title='bbox 402 2344 442 2404; x_wconf 86' lang='grc' dir='ltr'><em>με</em></span> <span class='ocrx_word' id='word_1_155' title='bbox 459 2318 562 2385; x_wconf 87' lang='grc' dir='ltr'><em>σόωσι</em></span> <span class='ocrx_word' id='word_1_156' title='bbox 578 2321 654 2386; x_wconf 89' lang='grc' dir='ltr'><em>θεοί</em></span> <span class='ocrx_word' id='word_1_157' title='bbox 670 2321 726 2386; x_wconf 83' lang='grc' dir='ltr'><em>καί</em></span> <span class='ocrx_word' id='word_1_158' title='bbox 743 2317 850 2386; x_wconf 71' lang='grc' dir='ltr'><em>οἴκαδ’</em></span> <span class='ocrx_word' id='word_1_159' title='bbox 870 2321 1003 2402; x_wconf 76' lang='grc' dir='ltr'><em>ἵκωμαι,</em></span> 
     </span>
     <span class='ocr_line' id='line_1_21' title="bbox 203 2411 1119 2503; baseline -0.003 -21"><span class='ocrx_word' id='word_1_160' title='bbox 203 2417 336 2502; x_wconf 86' lang='grc' dir='ltr'><em>Πηλεάς</em></span> <span class='ocrx_word' id='word_1_161' title='bbox 351 2417 421 2502; x_wconf 92' lang='grc' dir='ltr'><em>θήν</em></span> <span class='ocrx_word' id='word_1_162' title='bbox 439 2441 495 2502; x_wconf 90' lang='grc' dir='ltr'><em>μοι</em></span> <span class='ocrx_word' id='word_1_163' title='bbox 511 2421 622 2484; x_wconf 80' lang='grc' dir='ltr'><em>ἔπειτα</em></span> <span class='ocrx_word' id='word_1_164' title='bbox 639 2431 782 2502; x_wconf 79' lang='grc' dir='ltr'><em>γυναῖκα</em></span> <span class='ocrx_word' id='word_1_165' title='bbox 797 2421 994 2503; x_wconf 88' lang='grc' dir='ltr'><em>γαμέσσεται</em></span> <span class='ocrx_word' id='word_1_166' title='bbox 1011 2411 1119 2490; x_wconf 86' lang='grc' dir='ltr'><em>αότός.</em></span> 
     </span>
     <span class='ocr_line' id='line_1_22' title="bbox 203 2515 1152 2601; baseline -0.002 -19"><span class='ocrx_word' id='word_1_167' title='bbox 203 2517 321 2584; x_wconf 84' lang='grc' dir='ltr'><em>πολλαὶ</em></span> <span class='ocrx_word' id='word_1_168' title='bbox 339 2515 495 2601; x_wconf 87' lang='grc' dir='ltr'><em>Ἀχαιίδες</em></span> <span class='ocrx_word' id='word_1_169' title='bbox 512 2518 596 2584; x_wconf 87' lang='grc' dir='ltr'><em>εἰσίν</em></span> <span class='ocrx_word' id='word_1_170' title='bbox 613 2515 668 2584; x_wconf 90' lang='grc' dir='ltr'><em>άν’</em></span> <span class='ocrx_word' id='word_1_171' title='bbox 683 2515 821 2584; x_wconf 85' lang='grc' dir='ltr'><em>Ἐλλάδα</em></span> <span class='ocrx_word' id='word_1_172' title='bbox 837 2541 873 2582; x_wconf 87' lang='grc' dir='ltr'><em>τε</em></span> <span class='ocrx_word' id='word_1_173' title='bbox 889 2517 1002 2600; x_wconf 89' lang='grc' dir='ltr'><em>Φθίην</em></span> <span class='ocrx_word' id='word_1_174' title='bbox 1020 2539 1066 2600; x_wconf 88' lang='grc' dir='ltr'><em>τε,</em></span> <span class='ocrx_word' id='word_1_175' title='bbox 1104 2523 1152 2580; x_wconf 77' lang='lat'><em>395</em></span> 
     </span>
     <span class='ocr_line' id='line_1_23' title="bbox 202 2611 977 2701; baseline -0.004 -19"><span class='ocrx_word' id='word_1_176' title='bbox 202 2621 323 2698; x_wconf 83' lang='grc' dir='ltr'><em>κοῦραι</em></span> <span class='ocrx_word' id='word_1_177' title='bbox 340 2611 522 2701; x_wconf 78' lang='grc' dir='ltr'><em>ἀριστήων,</em></span> <span class='ocrx_word' id='word_1_178' title='bbox 541 2619 607 2683; x_wconf 80' lang='grc' dir='ltr'><em>οἵτε</em></span> <span class='ocrx_word' id='word_1_179' title='bbox 624 2621 806 2700; x_wconf 87' lang='grc' dir='ltr'><em>πτολίεθρα</em></span> <span class='ocrx_word' id='word_1_180' title='bbox 824 2613 977 2701; x_wconf 77' lang='grc' dir='ltr'><em>ῥύονται·</em></span> 
     </span>
    </p>

    <p class='ocr_par' dir='ltr' id='par_1_9' title="bbox 202 2710 1013 2801">
     <span class='ocr_line' id='line_1_24' title="bbox 202 2710 1013 2801; baseline 0 -21"><span class='ocrx_word' id='word_1_181' title='bbox 202 2712 293 2780; x_wconf 90' lang='grc' dir='ltr'><em>τάων</em></span> <span class='ocrx_word' id='word_1_182' title='bbox 308 2711 353 2799; x_wconf 86' lang='grc' dir='ltr'><em>ήν</em></span> <span class='ocrx_word' id='word_1_183' title='bbox 369 2710 401 2780; x_wconf 88' lang='grc' dir='ltr'><em>κ’</em></span> <span class='ocrx_word' id='word_1_184' title='bbox 421 2715 563 2801; x_wconf 76' lang='grc' dir='ltr'><em>ἐθέλωμι</em></span> <span class='ocrx_word' id='word_1_185' title='bbox 581 2722 682 2800; x_wconf 93' lang='grc' dir='ltr'><em>φίλην</em></span> <span class='ocrx_word' id='word_1_186' title='bbox 699 2711 855 2801; x_wconf 86' lang='grc' dir='ltr'><em>ποιήσομ’</em></span> <span class='ocrx_word' id='word_1_187' title='bbox 874 2712 1013 2781; x_wconf 84' lang='grc' dir='ltr'><em>όῖκοιτιν.</em></span> 
     </span>
    </p>

    <p class='ocr_par' dir='ltr' id='par_1_10' title="bbox 202 2809 1124 2998">
     <span class='ocr_line' id='line_1_25' title="bbox 202 2809 1124 2900; baseline 0 -21"><span class='ocrx_word' id='word_1_188' title='bbox 202 2818 287 2880; x_wconf 80' lang='grc' dir='ltr'><em>ἔνθα</em></span> <span class='ocrx_word' id='word_1_189' title='bbox 304 2815 344 2879; x_wconf 85' lang='grc' dir='ltr'><em>δέ</em></span> <span class='ocrx_word' id='word_1_190' title='bbox 357 2837 413 2897; x_wconf 91' lang='grc' dir='ltr'><em>μοι</em></span> <span class='ocrx_word' id='word_1_191' title='bbox 431 2812 520 2898; x_wconf 88' lang='grc' dir='ltr'><em>μάλα</em></span> <span class='ocrx_word' id='word_1_192' title='bbox 539 2813 663 2882; x_wconf 85' lang='grc' dir='ltr'><em>πολλὸν</em></span> <span class='ocrx_word' id='word_1_193' title='bbox 681 2817 839 2882; x_wconf 81' lang='grc' dir='ltr'><em>ἐπέσσυτο</em></span> <span class='ocrx_word' id='word_1_194' title='bbox 861 2813 972 2900; x_wconf 86' lang='grc' dir='ltr'><em>θυμός</em></span> <span class='ocrx_word' id='word_1_195' title='bbox 989 2809 1124 2900; x_wconf 86' lang='grc' dir='ltr'><em>ιἰγήνωρ</em></span> 
     </span>
     <span class='ocr_line' id='line_1_26' title="bbox 202 2911 962 2998; baseline 0.001 -20"><span class='ocrx_word' id='word_1_196' title='bbox 202 2911 343 2998; x_wconf 84' lang='grc' dir='ltr'><em>γήμαντι</em></span> <span class='ocrx_word' id='word_1_197' title='bbox 360 2911 510 2998; x_wconf 84' lang='grc' dir='ltr'><em>μνηστήν</em></span> <span class='ocrx_word' id='word_1_198' title='bbox 528 2911 659 2998; x_wconf 77' lang='grc' dir='ltr'><em>ἄλοχον,</em></span> <span class='ocrx_word' id='word_1_199' title='bbox 677 2918 807 2980; x_wconf 80' lang='grc' dir='ltr'><em>είκυῐαν</em></span> <span class='ocrx_word' id='word_1_200' title='bbox 823 2911 962 2996; x_wconf 87' lang='grc' dir='ltr'><em>άκοιτιυ,</em></span> 
     </span>
    </p>

    <p class='ocr_par' dir='ltr' id='par_1_11' title="bbox 202 3009 1156 3196">
     <span class='ocr_line' id='line_1_27' title="bbox 202 3009 1156 3101; baseline 0 -25"><span class='ocrx_word' id='word_1_201' title='bbox 202 3013 345 3101; x_wconf 88' lang='grc' dir='ltr'><em>κτήμασι</em></span> <span class='ocrx_word' id='word_1_202' title='bbox 361 3015 542 3097; x_wconf 86' lang='grc' dir='ltr'><em>τέρπεσθαι</em></span> <span class='ocrx_word' id='word_1_203' title='bbox 557 3011 598 3079; x_wconf 88' lang='grc' dir='ltr'><em>τά</em></span> <span class='ocrx_word' id='word_1_204' title='bbox 615 3012 724 3097; x_wconf 89' lang='grc' dir='ltr'><em>γέρων</em></span> <span class='ocrx_word' id='word_1_205' title='bbox 739 3010 896 3098; x_wconf 82' lang='grc' dir='ltr'><em>ἐκτήσατο</em></span> <span class='ocrx_word' id='word_1_206' title='bbox 912 3009 1061 3096; x_wconf 80' lang='grc' dir='ltr'><em>Πηλεύς·</em></span> <span class='ocrx_word' id='word_1_207' title='bbox 1104 3021 1156 3076; x_wconf 76' lang='lat'><em>400</em></span> 
     </span>
     <span class='ocr_line' id='line_1_28' title="bbox 202 3107 1003 3196; baseline 0.002 -22"><span class='ocrx_word' id='word_1_208' title='bbox 202 3107 324 3196; x_wconf 78' lang='grc' dir='ltr'><em>οὐγὰρ</em></span> <span class='ocrx_word' id='word_1_209' title='bbox 341 3113 412 3196; x_wconf 83' lang='grc' dir='ltr'><em>ἐμοὶ</em></span> <span class='ocrx_word' id='word_1_210' title='bbox 429 3119 534 3196; x_wconf 80' lang='grc' dir='ltr'><em>ψυχῆς</em></span> <span class='ocrx_word' id='word_1_211' title='bbox 549 3109 705 3191; x_wconf 81' lang='grc' dir='ltr'><em>άυτάξιον</em></span> <span class='ocrx_word' id='word_1_212' title='bbox 722 3109 797 3178; x_wconf 88' lang='grc' dir='ltr'><em>οὐδ’</em></span> <span class='ocrx_word' id='word_1_213' title='bbox 816 3109 880 3178; x_wconf 81' lang='grc' dir='ltr'><em>ὅσα</em></span> <span class='ocrx_word' id='word_1_214' title='bbox 898 3111 1003 3196; x_wconf 86' lang='grc' dir='ltr'><em>φασίν</em></span> 
     </span>
    </p>

    <p class='ocr_par' dir='ltr' id='par_1_12' title="bbox 194 3208 945 3296">
     <span class='ocr_line' id='line_1_29' title="bbox 194 3208 945 3296; baseline 0.001 -20"><span class='ocrx_word' id='word_1_215' title='bbox 194 3208 296 3277; x_wconf 86' lang='grc' dir='ltr'><em>Ἴλιον</em></span> <span class='ocrx_word' id='word_1_216' title='bbox 312 3210 480 3296; x_wconf 79' lang='grc' dir='ltr'><em>ἐκτῆσθαι,</em></span> <span class='ocrx_word' id='word_1_217' title='bbox 499 3208 717 3296; x_wconf 84' lang='grc' dir='ltr'><em>εάναιόμευον</em></span> <span class='ocrx_word' id='word_1_218' title='bbox 733 3213 945 3294; x_wconf 89' lang='grc' dir='ltr'><em>πτολίεθρον,</em></span> 
     </span>
    </p>

    <p class='ocr_par' dir='ltr' id='par_1_13' title="bbox 202 3305 1049 3395">
     <span class='ocr_line' id='line_1_30' title="bbox 202 3305 1049 3395; baseline 0.002 -21"><span class='ocrx_word' id='word_1_219' title='bbox 202 3307 237 3374; x_wconf 89' lang='grc' dir='ltr'><em>τὸ</em></span> <span class='ocrx_word' id='word_1_220' title='bbox 256 3311 335 3395; x_wconf 87' lang='grc' dir='ltr'><em>πρίν</em></span> <span class='ocrx_word' id='word_1_221' title='bbox 350 3305 401 3376; x_wconf 90' lang='grc' dir='ltr'><em>ἐπ’</em></span> <span class='ocrx_word' id='word_1_222' title='bbox 422 3306 562 3395; x_wconf 87' lang='grc' dir='ltr'><em>εἰρήνης,</em></span> <span class='ocrx_word' id='word_1_223' title='bbox 582 3311 661 3394; x_wconf 79' lang='grc' dir='ltr'><em>πρὶν</em></span> <span class='ocrx_word' id='word_1_224' title='bbox 677 3311 790 3376; x_wconf 74' lang='grc' dir='ltr'><em>ἐλθεέν</em></span> <span class='ocrx_word' id='word_1_225' title='bbox 807 3305 882 3388; x_wconf 82' lang='grc' dir='ltr'><em>υἰας</em></span> <span class='ocrx_word' id='word_1_226' title='bbox 896 3306 1049 3395; x_wconf 77' lang='grc' dir='ltr'><em>Ἀχαιῶν,</em></span> 
     </span>
    </p>

    <p class='ocr_par' dir='ltr' id='par_1_14' title="bbox 202 3401 1153 3593">
     <span class='ocr_line' id='line_1_31' title="bbox 202 3401 1031 3495; baseline 0.005 -25"><span class='ocrx_word' id='word_1_227' title='bbox 202 3401 277 3472; x_wconf 83' lang='grc' dir='ltr'><em>οὐδ’</em></span> <span class='ocrx_word' id='word_1_228' title='bbox 295 3405 357 3473; x_wconf 86' lang='grc' dir='ltr'><em>όσα</em></span> <span class='ocrx_word' id='word_1_229' title='bbox 375 3405 488 3486; x_wconf 75' lang='grc' dir='ltr'><em>λάϊνος</em></span> <span class='ocrx_word' id='word_1_230' title='bbox 505 3405 605 3486; x_wconf 85' lang='grc' dir='ltr'><em>οόδδς</em></span> <span class='ocrx_word' id='word_1_231' title='bbox 621 3404 790 3494; x_wconf 78' lang='grc' dir='ltr'><em>ἀφήτορος</em></span> <span class='ocrx_word' id='word_1_232' title='bbox 806 3407 900 3487; x_wconf 83' lang='grc' dir='ltr'><em>ἐντός</em></span> <span class='ocrx_word' id='word_1_233' title='bbox 916 3410 1031 3495; x_wconf 84' lang='grc' dir='ltr'><em>ἐέργει,</em></span> 
     </span>
     <span class='ocr_line' id='line_1_32' title="bbox 202 3503 1153 3593; baseline 0.002 -22"><span class='ocrx_word' id='word_1_234' title='bbox 202 3509 330 3590; x_wconf 85' lang='grc' dir='ltr'><em>Φοίβου</em></span> <span class='ocrx_word' id='word_1_235' title='bbox 343 3503 558 3591; x_wconf 86' lang='grc' dir='ltr'><em>Ἀπόλλωνος,</em></span> <span class='ocrx_word' id='word_1_236' title='bbox 575 3513 691 3572; x_wconf 84' lang='grc' dir='ltr'><em>Πυθοῖ</em></span> <span class='ocrx_word' id='word_1_237' title='bbox 705 3511 754 3572; x_wconf 80' lang='grc' dir='ltr'><em>ἔνι</em></span> <span class='ocrx_word' id='word_1_238' title='bbox 771 3507 963 3593; x_wconf 84' lang='grc' dir='ltr'><em>πετρηέσση,</em></span> <span class='ocrx_word' id='word_1_239' title='bbox 1100 3517 1153 3573; x_wconf 72' lang='grc'><em>406</em></span> 
     </span>
    </p>
   </div>
   <div class='ocr_carea' id='block_1_4' title="bbox 0 0 1212 3908">
    <p class='ocr_par' dir='ltr' id='par_1_15' title="bbox 0 0 1212 3908">
     <span class='ocr_line' id='line_1_33' title="bbox 0 0 1212 3908; baseline 0 0"><span class='ocrx_word' id='word_1_240' title='bbox 0 0 1212 3908; x_wconf 95' lang='lat' dir='ltr'><em> </em></span> 
     </span>
    </p>
   </div>
  </div>
 </body>
</html>
