2438 3918
417 217 637 276 ἰΛΙΑΔΟΣ
654 219 713 274 XX.
980 217 1040 282 407

82 381 174 467 όφρα
192 377 238 467 μή
258 377 427 465 ἄσπερμος
444 373 541 463 γενεή
563 378 617 445 καὶ
636 376 786 464 ἄφαντος
804 378 920 466 ὄληται

81 479 278 568 Δαρδάνου,
299 475 340 547 δν
350 481 517 565 Κρονίδης
535 477 611 564 περὶ
629 477 766 546 πάντων
783 484 901 564 φίλατο
913 482 1043 572 παίδων

82 586 117 648 οἳ
134 581 217 647 ἕθεν
236 580 424 664 ἐξεγένοντο
443 585 615 663 γνυαικοόν
632 602 668 644 τε
687 577 855 664 θνητάων.
990 594 1041 650 δυσ

83 677 145 766 ἤδη
166 704 231 767 γαρ
250 679 408 766 Πριάμου
427 673 549 764 γενεὴν
567 675 693 764 ἤχθηρε
714 683 878 761 Κρονίων·

83 785 149 845 νῦν
168 778 205 848 δέ
224 775 267 865 δή
285 783 420 846 Αἰνείαο
440 782 495 864 βίη
518 776 689 862 Τρώεσσιν
708 775 820 859 ἄνάξει

82 878 139 945 καὶ
158 882 288 947 παίδων
307 881 431 964 παῖδες,
452 880 506 944 τοί
521 903 580 944 κεν
598 875 780 963 μετόπισθε
798 882 992 962 γίνωνται.“

129 977 199 1045 Τόν
218 975 251 1046 δ’
271 973 412 1064 ἠμείβετ’
433 982 544 1045 ἐπειτα
559 982 685 1062 βοῶπις
703 977 821 1046 πότνια
831 974 917 1064 Ἥρη

80 1075 294 1164 ,,ἐννοσίγαί,
315 1076 418 1155 αι’ττός
437 1075 480 1144 σύ
499 1075 580 1164 μετὰ
601 1077 698 1163 φρεσὶ
718 1083 796 1164 σῇσι
816 1075 940 1163 νόησον
988 1090 1040 1146 310

80 1181 232 1260 Αἰνείαν,
252 1176 274 1263 ή
293 1175 353 1244 κέυ
371 1201 429 1261 μιν
448 1173 612 1262 ἐρύσσεαι,
632 1173 654 1261 ἥ
672 1200 732 1242 κεν
751 1175 856 1253 ἐάσεις

80 1279 241 1364 [Πηλείδη
256 1273 382 1362 Ἀχιλῆι
398 1274 594 1362 δαμήμεναι,
614 1273 740 1342 ἐσθλόν
758 1273 875 1358 ἐόντα].

80 1373 154 1461 ήτοι
174 1374 237 1461 μὲν
255 1374 320 1460 γάρ
341 1380 404 1442 νῶι
420 1375 541 1453 πολέας
561 1370 758 1460 ὠμόσσαμεν
777 1369 899 1458 ὅρκους

80 1481 164 1542 πᾶσι
183 1470 249 1562 μετ’
271 1472 502 1560 ἄθανᾶτοισιυ,
523 1470 587 1560 ἐγοὶ
607 1475 663 1541 καί
681 1469 816 1551 Παλλάς
832 1471 967 1562 Ἀθήνη,
1028 1514 1032 1518 -
1089 1527 1091 1532 -

76 1572 198 1660 μήποτ’
218 1574 271 1642 ἐπί
293 1573 463 1658 Τρώεσσιν
483 1571 654 1661 ἀλεξήσειν
673 1570 779 1643 κακόν
797 1566 895 1663 ἦμαρ,
987 1591 1038 1646 315

77 1670 160 1760 μηδ’
183 1670 272 1743 ὁπότ’
295 1668 339 1741 ἄν
361 1679 461 1762 Τροίη
481 1680 613 1764 μαλερῷ
633 1676 714 1758 πυρὶ
733 1683 822 1743 πᾶσα
842 1676 957 1763 δάηται

77 1775 251 1859 δαιομένη,
273 1776 391 1840 δαίωσι
410 1771 441 1839 δ’
462 1771 586 1860 Ἀρήιοι
604 1766 674 1852 υἷες
690 1771 859 1858 Ἀχαι-άν.“

120 1869 240 1957 Αύτάρ
261 1872 331 1940 ἐπεὶ
349 1871 418 1958 τόγ’
438 1870 561 1940 ἄκουσε
580 1873 777 1940 Ποσειδάων
795 1875 989 1960 ἐνοσίχθων,

76 1980 122 2062 μή
142 1969 172 2060 ῥ’
191 1980 268 2058 ἰμεν
286 1969 331 2038 ἄν
349 1997 384 2041 τε
403 1971 512 2058 μάχην
531 1973 586 2040 καί
605 1969 670 2040 άνᾶ
690 1971 815 2041 κλόνον
834 1973 1000 2060 ἐγχειάων,

74 2067 124 2152 ἷξε
144 2069 178 2138 δ’
202 2067 254 2138 ὅθ’
276 2076 413 2150 Αἰνείας
430 2069 486 2157 ἠδ’
506 2067 524 2140 ὁ
543 2068 665 2150 κλυτός
684 2063 743 2158 ήεν
759 2071 933 2157 Ἀχιλλεύς.
984 2087 1037 2143 320

75 2168 198 2240 αύτίκα
217 2180 264 2260 τῷ
282 2171 345 2258 μὲν
364 2176 476 2239 ἐπειτα
494 2168 563 2239 κατ’
583 2167 772 2257 ὀφθαλμοῖν
790 2171 864 2255 χέεν
882 2167 997 2258 ἄχλύν,

77 2275 227 2360 Πηλείδη
242 2268 381 2358 Ἀχιλῆϊ·
403 2267 421 2338 ὁ
441 2269 477 2338 δὲ
495 2275 612 2357 μελίην
631 2269 795 2354 εὔχαλκον

75 2366 220 2449 ἄσυίδος
237 2371 394 2457 ἐξέρυσεν
412 2369 635 2456 μεγαλήτορος
654 2372 804 2437 Αἰνείαο·

75 2471 131 2539 καί
150 2469 216 2556 τὴν
234 2468 297 2555 μὲν
316 2469 528 2552 προπάροιθε
546 2471 660 2536 ποδοῖν
674 2464 822 2554 Ἀχιλῆος
840 2472 974 2557 ἔθηκεν,

74 2573 218 2638 Αἰνείαν
237 2565 270 2636 δ’
291 2572 430 2636 ἔσσευεν
448 2565 513 2636 ἄπδ
532 2564 658 2653 χθονός
677 2563 779 2648 ὑψόσ’
798 2564 918 2655 άείρας.
982 2585 1033 2641 325

74 2663 205 2746 πολλάς
224 2669 260 2735 δὲ
279 2673 391 2753 στίχας
408 2664 539 2754 ἡράων,
560 2666 684 2746 πολλάς
704 2668 739 2736 δέ
757 2669 813 2736 καί
830 2672 942 2737 ἵππων

72 2769 212 2844 Αἰνείας
231 2761 398 2852 ὑπερᾶλτο
417 2773 505 2834 θεοῦ
523 2763 589 2836 ἄπδ
609 2765 718 2854 χειρός
737 2764 890 2856 ὀρούσας,

71 2859 120 2945 ἰξε
141 2862 175 2933 δ’
196 2861 245 2933 ἐπ’
265 2863 420 2952 ἐσχατιὴν
438 2865 618 2947 πολυάικος
636 2865 804 2954 πολέμοιο,

73 2970 162 3033 ἔνθα
182 2987 217 3031 τε
238 2961 419 3044 Καύκωνες
437 2964 585 3052 πόλεμον
603 2971 683 3054 μέτα
701 2965 929 3052 θωρήσσοντο.

73 3069 118 3152 τῷ
140 3061 177 3130 δὲ
196 3060 270 3148 μάλ’
291 3061 439 3149 ἐγγύθεν
456 3057 542 3152 ἦλθε
560 3065 757 3134 Ποσειδάων
775 3069 969 3157 ἐνοσίχθων,
981 3085 1048 3147 331,

74 3168 136 3230 καί
150 3189 210 3250 μιν
229 3164 391 3252 φωνήσας
410 3169 490 3233 ἔπεα
508 3165 688 3254 πτερόεντα
707 3165 882 3252 προσηύδα

115 3267 270 3349 ,,Αἰυεία,
290 3265 339 3342 τίς
359 3261 392 3330 τ’
413 3255 478 3331 ω’δε
496 3271 592 3334 θεοῖν
611 3262 749 3334 ἄτέοντα
768 3265 895 3334 κελεύει

72 3359 169 3429 άντία
189 3366 382 3447 Πηλείωνος
402 3359 611 3451 ὑπερθύμοιο
631 3364 804 3452 μάχεσθαι,

73 3458 109 3540 ός
128 3467 191 3529 σεῦ
210 3458 280 3548 ἄμα
299 3466 464 3549 κρείσσων
483 3465 538 3531 καὶ
557 3471 711 3551 φίλτερος
730 3457 967 3547 ἄθανάτοισινι
