2470 3926
377 243 599 302 ΙΛΙΑΔΟΣ
622 245 720 300 XXIV.
961 239 1025 304 493

68 414 263 490 σταυροῖσιν
279 415 461 470 πυκινοῖσι·
479 401 595 489 θύρην
610 399 643 470 δ’
662 407 713 488 έχε
728 395 855 488 μοῦνος
870 400 1006 490 ἐπιβλὴς

68 501 242 586 εἰλάτινος,
259 497 320 570 τόν
333 515 420 588 τρεῖς
432 499 494 586 μὲν
511 499 772 588 ἐπιρρήσσεσκον
790 498 919 585 Ἀχαιοὶ,

68 613 155 688 τρεῖς
171 597 202 668 δ’
221 597 441 686 ἀναοίγεσκον
456 599 608 687 μεγάλην
625 596 745 686 κληῗδα
764 599 916 685 θυράων,
976 613 1027 667 455

67 708 138 768 των
155 699 278 770 ἀλλων·
297 697 441 786 Ἀχιλεύς
459 696 491 767 δ’
509 697 561 781 ἀρ’
575 699 813 786 ἐπιρρήσσεσκε
828 699 883 768 καὶ
900 695 983 778 οἰος·

70 799 113 886 δή
131 799 172 886 βα
190 796 262 866 τόθ’
275 794 424 885 Ἑρμείας
441 797 605 884 ἐριούνιος
623 789 686 892 ᾦξε
702 801 844 886 γέροντι,

69 901 102 976 ἐς
120 896 151 966 δ’
169 896 272 984 άγαγε
289 895 393 968 κλυτά
413 901 505 983 διδρα
522 897 669 966 ποδώκει·
683 903 860 985 Πηλείωνι,

68 1001 102 1079 ἐξ
119 1002 231 1065 ’ίπτων
247 994 279 1065 δ’
297 993 477 1084 ἀπέβαινεν
494 997 546 1064 ἐπὶ
561 993 834 1084 ηθόναφύνησέν
850 1023 884 1065 τε

112 1088 171 1184 „³52
189 1098 301 1182 γέρον,
320 1093 393 1181 ήτοι
411 1091 474 1180 ἐγά
491 1091 573 1174 θεός
590 1093 755 1183 ἄμβροτος
771 1095 963 1185 εἰλήλουθα,
976 1111 1028 1167 460

72 1200 229 1283 Ερμείας·
251 1195 303 1263 σοὶ
321 1195 386 1281 γάρ
405 1221 445 1281 με
464 1191 572 1280 πατήρ
592 1192 661 1281 ἅμα
679 1193 815 1282 πομπόν
834 1195 995 1266 ὄπασσεν·

68 1292 138 1365 ἀλλ’
160 1293 234 1382 ήτοι
250 1296 313 1382 μὲν
329 1292 395 1380 ,ἐγά
414 1293 517 1362 πάλιν
535 1303 673 1382 εἴσομαι,
693 1292 767 1364 οὐδ’
787 1291 932 1386 Ἀχιλήος

68 1391 271 1480 ὀφθαλμούς
290 1402 420 1482 ελσειμι·
441 1393 644 1480 νεμεσσητὸν
664 1395 701 1460 δέ
717 1419 777 1462 κεν
792 1403 842 1480 εἰη

68 1490 245 1562 ἀθάνατον
263 1489 347 1560 θεόν
367 1483 431 1559 οδδε
450 1489 594 1580 βροτούς
612 1491 818 1580 ἀγαπαζέμεν
835 1491 953 1581 άντην·

67 1591 153 1678 τύνη
174 1589 205 1658 δ’
229 1588 392 1660 εἰσελθάν
408 1592 490 1678 λαβὲ
508 1591 656 1677 γούνατα
674 1597 874 1679 Πηλείωνος,
976 1607 1027 1661 465

68 1697 128 1760 καί
145 1717 202 1776 μιν
221 1685 304 1774 ὑπὲρ
324 1685 448 1773 πατρὸς
466 1691 521 1760 καὶ
539 1693 678 1777 μητέρος
695 1687 857 1785 ήύκόμοιο

68 1798 182 1861 λίσσεο
202 1791 257 1858 καὶ
276 1791 397 1874 τέκεος,
415 1791 472 1856 ἵνα
492 1792 526 1856 οἰ
543 1787 608 1858 σύν
625 1787 740 1876 θυμόν
759 1787 906 1877 όρίνης.“

113 1887 176 1970 Ὦς
194 1887 259 1975 ἀρα
278 1887 437 1974 φωνήσας
455 1885 561 1976 ἀπέβη
581 1886 665 1978 πρός
683 1887 996 1976 μακρδνὍλυμπον

71 1994 227 2074 Ερμείας·
248 1991 398 2074 Πρίαμος
417 1982 448 2052 δ’
469 1988 503 2065 ἐξ
520 1989 633 2055 ἵππων
651 1979 731 2056 ἆλτο
749 1994 880 2074 χαμᾶζε,

71 2092 188 2157 Ιδαῑον
208 2085 243 2153 δὲ
261 2081 328 2154 κατ’
350 2077 435 2152 αὖθι
454 2090 563 2152 λίπεν·
583 2081 601 2153 ὁ
621 2085 657 2154 δέ
676 2092 796 2172 μίμνεν
814 2086 945 2174 ἐρύκων
977 2099 1029 2155 470

68 2193 194 2264 ἵππους
212 2181 371 2276 ήμιόνους
389 2209 439 2254 τε·
460 2185 569 2270 γέρων
588 2182 621 2252 δ’
641 2179 722 2264 ἰθύς
739 2192 812 2254 κίεν
832 2195 938 2270 οἰκον,
1037 2243 1044 2254 .

69 2294 113 2375 τῇ
133 2281 161 2372 ῤ’
179 2281 322 2370 Ἀχιλεύς
339 2287 445 2364 ἵζεσκε
469 2288 627 2370 διίφιλος.
684 2287 721 2352 ἐν
741 2287 779 2352 δέ
795 2311 852 2370 μιν
872 2281 976 2352 αύτὸν

70 2378 153 2472 εὗρ’,
173 2385 284 2468 ἕταροι
303 2379 335 2449 δ’
356 2380 529 2452 ἀπάνευθε
547 2387 721 2452 καθείατο·
742 2389 788 2472 τῷ
809 2383 843 2452 δὲ
864 2379 917 2450 δύ’
939 2391 1008 2466 οίω,

70 2485 162 2574 ἥρως
179 2481 383 2570 Αὐτομέδων
400 2508 435 2550 τε
454 2483 510 2550 καλ
521 2481 686 2569 Ἄλκιμος,
705 2480 778 2562 όζος
789 2482 920 2569 Ἄρηος,

70 2590 240 2668 ποίπνυον
259 2580 435 2668 παρεόντε·
456 2581 534 2650 νέον
554 2578 585 2648 δ’
606 2579 769 2667 ἀπέληγεν
788 2583 912 2667 ἐδωδής
979 2595 1031 2650 475

72 2691 188 2753 ἔσθων
206 2683 263 2750 καὶ
280 2691 403 2750 πίνων·
424 2686 472 2749 ἐτι
490 2681 545 2748 καὶ
564 2680 737 2767 παρέκειτο
756 2678 878 2766 τράπεζ
901 2734 908 2746 .

72 2781 154 2862 τούς
173 2779 203 2849 δ’
226 2777 317 2850 ἔλαθ’
338 2776 501 2849 εἰσελθάν
518 2783 669 2865 Πρίαμος
687 2780 797 2866 μέγας,
818 2777 893 2864 ἀγχι
913 2774 947 2845 δ’
967 2775 1032 2859 ἀρα

567 2875 646 2956 στάς

73 2983 187 3069 χερσὶν
202 2977 369 3066 Ἀχιλλῆος
388 2977 468 3064 λάβε
486 2976 635 3063 γούνατα
652 2976 709 3044 καὶ
727 2973 809 3042 κύσε
827 2985 936 3059 χεῖρας

75 3077 188 3158 δεινάς
218 3075 461 3164 ἀνδροφόνους,
482 3081 518 3146 αλ
534 3079 568 3142 οἰ
585 3075 705 3152 πολέας
722 3071 847 3140 κτάνον
866 3063 949 3150 υἰας.
1046 3075 1049 3084 “

75 3177 121 3260 ὡς
140 3177 174 3246 δ’
195 3176 240 3246 ὅτ’
262 3171 306 3246 ἀν
324 3172 415 3260 ἄνδρ’
436 3175 498 3262 ἀτη
518 3169 640 3259 πυκινὴ
661 3171 758 3260 λάβη,
778 3166 846 3238 όστέ
861 3169 911 3238 ἐνὶ
926 3167 1034 3257 πάτρη

75 3284 173 3365 φῶτα
192 3280 405 3354 κατακτείνας
424 3273 537 3344 ἀλλων
555 3275 676 3354 ἐξίκετο
697 3275 820 3357 δῆμον,
982 3270 1030 3337 481

75 3372 200 3461 ἀνδρός
219 3375 251 3453 ἐς
270 3371 422 3460 ἀφνειοῦ,
442 3374 575 3460 θάμβος
594 3369 625 3440 δ’
647 3375 711 3457 ἔχει
730 3365 958 3453 εἰσορόωντας,

76 3471 121 3556 δός
138 3470 282 3560 Ἀχιλεύς
299 3472 476 3560 θάμβησεν
495 3471 577 3542 ἰδών
595 3477 749 3558 Πρίαμον
766 3468 919 3537 θεοειδέα
