2442 3922
373 251 602 312 ἱΙΛΙΑΔΟΣ
622 255 655 312 V.
967 251 1008 314 :²9

67 415 100 476 αλ
111 413 167 476 κέν
185 436 240 495 μοι
261 407 469 497 πολύβουλος
486 409 609 499 Ἀθήνη
629 417 732 493 κῦδος
752 412 848 504 όρέξη
955 430 1007 485 ‘260

67 506 232 594 ἀμφοτέρω
252 523 386 597 κτεῖναι,
407 507 449 578 σύ
470 511 505 578 δὲ
524 511 644 582 τούσδε
663 515 725 600 μέν
745 514 848 595 ὠκέας
866 519 989 594 ἵππους

69 606 161 675 αὐτοῦ
180 610 382 696 ἐρυκακέειν,
403 612 435 690 έξ
454 611 598 695 ἄντυγος
617 607 693 700 ἡνία
714 619 834 694 τείνας·

68 712 188 776 Αἰνείαο
209 706 242 776 δ’
262 713 389 790 ἐπαΐξαι
408 715 613 797 μεμνημένος
630 715 753 798 ἵππων,

66 810 96 874 ίκ
114 805 143 874 δ’
163 807 277 876 ἐλάσαι
298 809 425 895 Τράωυ
443 809 509 898 μετ’
531 809 732 898 ἐϋκνήμιδας
748 812 905 898 Ἀχαιούς.

66 915 113 994 τῆς
128 907 190 993 γάρ
211 935 263 978 τοι
280 917 407 997 γενεῆς,
427 901 468 996 ής
489 916 581 998 Τρωΐ
598 935 660 997 περ
681 908 830 1000 εὐρύοπα
850 909 934 994 Ζεύς
955 927 1007 984 26⁵

65 1003 126 1092 δῶχ’
146 1003 216 1089 υἷος
236 1011 359 1098 ποινήν
378 1008 603 1097 Γανυμήδεος,
624 1008 733 1078 οὕνεκ’
756 1011 885 1098 ἀριστοι

64 1110 171 1195 ἵππων,
191 1108 289 1179 ὅσσοι
308 1116 403 1179 έασιν
422 1108 477 1177 ὑπ’
500 1108 546 1195 ήῶ
567 1107 590 1176 τ’
612 1107 722 1196 ἠέλιόν
740 1136 784 1178 τε.

65 1215 111 1291 τῆς
126 1215 242 1297 γενεῆς
261 1215 400 1292 ἔκλεψεν
418 1211 501 1290 ἀναξ
522 1208 656 1295 ἀνδρῶν
673 1207 829 1296 Ἀγχίσης,

65 1306 160 1398 λάθρη
178 1315 411 1398 Λαομέδοντος
431 1307 587 1395 ὑποσχάυ
605 1309 731 1396 θήλεας
748 1311 885 1387 ἵππους·

66 1414 119 1473 τῶν
136 1413 168 1476 οί
187 1413 221 1490 ἓξ
242 1414 395 1496 έγένοντο
414 1411 465 1478 ένὶ
483 1407 655 1496 μεγάροισι
674 1410 833 1494 γενέθλη·
953 1425 1004 1482 λλα

65 1504 130 1586 τούς
148 1510 209 1594 μὲν
229 1513 389 1595 τέσσαρας
407 1507 508 1588 αύιός
527 1514 611 1594 έχων
629 1504 768 1575 ἀτίταλλ’
789 1508 840 1576 έπὶ
861 1507 981 1598 φάτνη,

67 1603 102 1671 τά
120 1606 153 1675 δὲ
172 1607 230 1676 δύ’
251 1614 368 1697 Αίνείᾳ
388 1614 505 1694 δάκεν,
525 1607 674 1696 μήστωρι
694 1607 824 1694 φόβοιο.

65 1709 89 1771 εί
102 1705 206 1775 τούτω
227 1735 264 1775 κε
285 1709 455 1795 λάβοιμεν,
475 1705 640 1795 ἀροίμεθά
659 1731 696 1774 κε
715 1710 810 1786 κλέος
828 1707 986 1778 έσθλόν.“

88 1801 143 1886 Ὣς
162 1813 195 1876 οί
213 1811 276 1896 μὲν
295 1817 430 1876 τοιαῦτα
449 1803 532 1894 πρὸς
552 1805 716 1894 ἀλλήλους
734 1803 909 1893 ἀγόρευον,

64 1901 99 1970 τά
117 1909 149 1973 δὲ
170 1904 239 1993 τάχ’
261 1907 407 1993 ἐγγύθεν
427 1899 547 1994 ήλθου,
568 1904 736 1975 ἐλαύνοντ’
755 1904 858 1985 ἀκέας
873 1909 1005 1988 ἵππους.

63 2005 110 2070 τὸν
127 2008 288 2094 πρότερος
307 2011 481 2091 προσέειπε
500 2007 676 2085 Λυκάονος
696 2003 819 2089 ἀγλαός
838 2007 911 2085 υίός
953 2015 1003 2079 m

95 2107 368 2194 ,,ίίαρτερόθυμε,
390 2112 544 2192 δαΐφρον,
565 2103 695 2191 ἀγαυοῦ
716 2107 840 2181 Τυδέος
860 2106 921 2190 υίέ,

62 2194 176 2288 ἀμάλα
197 2203 224 2272 ά
245 2203 287 2273 οὐ
305 2209 401 2293 βέλος
420 2201 491 2273 άκδ
512 2203 718 2290 δαμάσσατο,
745 2199 861 2288 πικρὸς
881 2199 1003 2282 ὀϊστός·

62 2310 114 2368 νῦν
132 2297 202 2371 αὖτ’
223 2308 329 2392 έγχείη
348 2305 556 2393 πειρήσομαι,
577 2314 613 2372 αλ
630 2329 667 2371 κε
687 2301 845 2388 τύχοιμι.“

89 2393 130 2468 'H
144 2405 185 2488 βα
216 2407 271 2471 καὶ
288 2402 492 2489 ἀμπεπαλὼν
508 2410 616 2489 προΐει
629 2403 837 2488 δολιχόσκιον
848 2409 1008 2487 έγχοςλθθ

59 2502 104 2568 καὶ
121 2502 203 2587 βάλε
225 2507 386 2571 Τυδείδαο
407 2499 474 2571 κατ’
495 2503 626 2571 ἀσπίδα·
648 2509 705 2587 τῆς
723 2502 759 2568 δὲ
780 2499 898 2588 διαπρὸ

60 2599 144 2686 αἰχμή
164 2608 299 2687 χαλκείη
319 2606 466 2688 πταμένη
487 2601 618 2686 θύρηκι
637 2599 798 2685 πελάσθη.

62 2705 95 2784 τῷ
114 2693 144 2766 δ’
165 2702 219 2768 ἐπὶ
236 2697 368 2786 μακρὸν
387 2701 471 2768 ἀϋσε
490 2700 666 2779 Λυκάονος
685 2697 806 2786 ἀγλαός
828 2699 899 2778 νίός

92 2803 253 2886 ,Βέβληαι
272 2807 419 2867 κενειάυα
440 2801 624 2886 διαμπερὲς,
645 2797 726 2865 οὐδέ
743 2795 769 2864 ά
791 2794 849 2866 ἀίω
952 2813 1006 2868 θθέ

61 2896 152 2984 δηρὸν
171 2897 211 2968 ἔτ’
232 2897 474 2988 ἀνσχήσεσθαι·
488 2889 565 2986 ’ίμοί
586 2900 621 2966 δὲ
641 2895 707 2983 μέγ’
729 2890 824 2982 εὖχος
844 2900 1003 2976 έδοικας.“

94 2997 158 3064 Τόν
173 2995 206 3065 δ’
226 2997 269 3066 οὐ
286 2999 454 3087 ταρβήσας
473 3002 624 3084 προσέφη
644 2993 803 3084 κρατερός
821 2996 995 3084 Διομήδης

58 3094 231 3184 ,ἤμβροτες
250 3094 323 3165 οὐδ’
346 3104 470 3183 ἔτυχες·
492 3095 575 3183 ἀτάρ
595 3093 636 3164 ού
656 3096 717 3182 μὲν
736 3099 829 3179 σφολί
845 3091 872 3178 γ’
894 3092 953 3162 ὀΐω

58 3195 171 3284 τρίμμ’
190 3196 458 3285 ἀποπαύσεσθαι,
478 3203 558 3283 πρίν
577 3196 604 3281 γ’
627 3191 647 3280 ή
667 3193 784 3279 ἕτερόν
803 3218 841 3278 γε
860 3194 1004 3260 πεσόντα

58 3298 179 3380 οἴματος
197 3289 403 3385 ἀσαιἈρηα,
424 3297 627 3382 ταλαύρινον
646 3292 882 3380 πολεμιστήν.“

84 3391 142 3475 Ὣς
160 3397 310 3485 φάμενος
329 3401 488 3484 προέηκε·
509 3399 604 3483 βέλος
625 3393 656 3462 δ’
678 3403 798 3462 ἴθυνεν
815 3389 940 3478 Ἀθήνη
954 3406 1007 3462 λθυ

58 3495 121 3575 βίον
141 3497 210 3584 παρ’
233 3495 427 3586 ὀφθαλμόν,
447 3495 589 3576 λευκούς
609 3492 639 3562 δ’
663 3497 821 3582 ἐπέρησεν
840 3490 989 3569 ὀδόντας.
