2492 3920
414 271 632 333 ΙΑΙΑΔΟΣ
650 275 672 331 1.
979 267 1017 334 11

75 439 140 520 βῆσε
158 437 251 524 θεῷ,
267 428 333 502 άνά
350 431 388 500 δέ
403 435 577 520 Χρυσηΐδα
596 429 825 520 καλλιπάρῃον
968 447 1021 502 δίο

76 525 149 598 εἷσεν
164 527 275 617 ἄγων·
294 531 332 598 έν
347 525 381 596 δ’
399 525 500 615 άρχδς
515 536 573 618 έβη
589 529 770 618 πολύμητις
784 527 970 610 Ὀδυσσεύς.
1110 537 1118 558 ”

122 634 166 699 Os
181 629 245 717 μέν
261 625 361 698 ἔπειτ’
381 625 567 716 ἀναβάντες
582 629 743 698 έπέπλεον
759 625 846 716 ιἐγρά
864 631 1019 712 κέλευθα,

75 727 163 810 λαούς
180 725 213 796 δ’
230 728 393 816 Ἀτρείδης
408 725 698 818 ἀπολυμαίνεσθαι
717 727 858 816 ἄνωγεν.

76 831 102 894 οί
113 825 141 894 δ’
160 824 429 913 ἀπελυμαίνοντο
448 830 503 896 καὶ
520 834 568 908 είς
584 827 650 898 όλα
666 826 789 916 λύματ’
805 832 957 916 ἔβαλλον,

74 929 158 1012 ἔρδον
176 925 209 994 δ’
220 925 403 996 Ἀπόλλωνι
418 933 595 1014 τεληέσσας
612 928 798 1016 ἑκατόμβας
970 940 1021 994 ³15

74 1025 196 1109 ταύρων
212 1022 268 1112 ἡδ’
287 1030 391 1111 αίγοόν
406 1022 496 1114 παρά
513 1021 584 1094 θίν’
605 1023 686 1106 άλός
701 1023 910 1113 άτρυγέτοιο·

74 1130 157 1211 κνίση
175 1121 208 1191 δ’
226 1121 375 1211 ούρανόν
392 1119 463 1194 ἷκεν
478 1125 672 1213 ἑλισσομένη
691 1127 766 1212 περὶ
782 1131 908 1215 καπνῷ.

118 1220 179 1303 Ὦς
195 1227 232 1292 οί
252 1223 313 1310 μὲν
327 1221 368 1292 τά
385 1228 525 1293 πένοντο
540 1223 624 1294 κατὰ
650 1224 812 1310 στρατόν·
834 1221 911 1294 οὐδ’
924 1221 1020 1310 Ἀγκ-

531 1328 666 1412 μίμνων

74 1418 138 1505 λῆγ’
156 1424 281 1507 ἔριδος,
298 1419 361 1507 τήν
377 1427 511 1506 πρῶτον
528 1419 720 1510 έπηπείλησ’
738 1421 870 1511 Ἀχιλῆϊ,

75 1514 138 1585 ιἰλλ’
151 1515 210 1604 ὅγε
230 1519 425 1606 Ταλθύβιόν
439 1545 475 1588 τε
492 1522 548 1590 καὶ
564 1519 767 1608 Εὐρυβάτην
783 1521 989 1607 προσέειπεν,

74 1617 113 1684 τό
127 1621 161 1686 ολ
174 1621 255 1686 ἔσαν
270 1618 396 1705 κήρυκε
410 1621 467 1688 καί
481 1616 611 1707 ότρηριι
629 1619 836 1703 θεράποντε·
969 1633 1017 1688 ³²1

128 1716 329 1804 ,ζ’λδρχεσδον
343 1725 475 1807 κλισίην
490 1719 687 1806 Πηληιάδεω
702 1717 865 1806 Ἀχιλῆος·

76 1813 172 1900 χειρός
189 1815 297 1884 ἑλόντ’
316 1813 437 1904 ιἰγέμευ
452 1823 613 1905 Βρισηΐδα
630 1817 874 1906 καλλιπάρῃον·

76 1920 102 1983 εί
115 1918 151 1984 δέ
164 1942 202 1985 κε
219 1913 263 2004 μή
281 1917 422 2005 διάησιν,
437 1918 503 2004 έγό
522 1917 563 1987 δέ
579 1944 639 1986 κεν
653 1915 756 1997 αύτός
772 1917 896 2002 ἕλωμαι

76 2012 178 2084 ἐλθόν
194 2013 261 2084 σύν
276 2016 472 2085 πλεόνεσσι·
488 2015 528 2084 τό
545 2019 580 2084 οἱ
594 2018 649 2084 καὶ
666 2019 775 2104 ῥίγιον
790 2019 913 2083 έσται.“
970 2027 1021 2080 325

124 2113 181 2194 Ὦς
197 2111 302 2182 είπάν
319 2121 443 2204 προίει,
461 2115 626 2200 κρατερόν
642 2112 674 2182 δ’
688 2117 741 2183 ἐπὶ
757 2115 1022 2200 μῦδονέτελλεν.

77 2211 115 2279 τό
132 2210 161 2279 δ’
175 2209 310 2281 ἀέκοντε
326 2214 434 2302 βάτην
450 2211 540 2302 παρά
556 2212 622 2283 θίν’
639 2211 721 2294 άλὸς
736 2211 939 2300 ἀτρυγέτοιο,

77 2313 300 2401 Μυρμιδόνων
316 2312 349 2382 δ’
369 2317 427 2384 έπί
439 2341 476 2383 τε
491 2319 619 2395 κλισίας
635 2317 691 2384 καί
706 2320 790 2401 νῆας
806 2316 957 2398 ἱκέσθην.

78 2410 177 2481 τόνδ’
194 2406 297 2497 εὗρον
313 2415 404 2501 παρά
419 2439 455 2483 τε
471 2421 582 2504 κλισίῃ
598 2416 654 2483 καί
670 2418 876 2501 νηλμελαίνη

75 2508 205 2597 ἥμενον·
223 2509 299 2581 οὐδ’
318 2512 382 2601 ἄρα
399 2517 485 2599 τιόγε
502 2514 585 2582 ίδόν
602 2513 753 2601 γήθησεν
764 2509 938 2598 Ἀχιλλεύς.
970 2523 1020 2578 330

77 2611 117 2677 τά
132 2611 190 2697 μὲν
205 2613 411 2702 ταρβήσαντε
427 2615 482 2682 καὶ
499 2614 663 2700 αίδομένω
680 2617 822 2700 βασιλῆα

78 2711 204 2801 στήτην,
222 2710 306 2782 ούδέ
319 2718 355 2781 τί
367 2739 425 2799 μιν
441 2712 684 2801 προσεφύνεον
701 2707 775 2783 οὐδ’
795 2710 947 2793 έρέοντο·

79 2805 172 2898 αὐτὰρ
190 2807 207 2879 ὁ
225 2815 313 2897 ἔγνω
329 2803 408 2899 ήσιν
422 2813 473 2880 ένλ
489 2812 604 2900 φρεσὶ,
623 2809 781 2896 φόνησέν
797 2832 833 2876 τε

133 2916 307 2998 ,,Χαίρετε,
318 2911 478 2998 κήρυκες,
491 2909 575 2992 Διὸς
585 2908 720 2997 άγγελοι
733 2905 792 2996 ήδέ
808 2909 864 2976 καί
874 2902 1019 2989 ἀνδρῶν,

81 2999 171 3077 ἆσσον
187 3006 239 3078 ίτ’·
258 3009 332 3078 οὔτι
347 3035 404 3096 μοι
420 3008 525 3096 ὔμμες
539 3012 688 3096 έπαίτιοι,
704 3003 780 3076 ἀλλ’
794 3004 1018 3092 Ἀγαμέμνων,

81 3106 191 3199 όσφόλ
202 3117 311 3200 προΐει
325 3114 502 3200 Βρισηΐδος
516 3113 626 3179 εἵνεκα
640 3106 773 3194 κούρης.
968 3113 1018 3170 336

81 3207 141 3282 άλλ’
157 3213 231 3302 άγε,
247 3212 406 3299 Διογενὲς
420 3208 639 3300 Πατρόκλεις,
657 3213 751 3294 έξαγε
765 3203 895 3291 κούρην

81 3319 128 3380 καί
141 3334 247 3400 σφωιν
263 3312 321 3394 δός
336 3310 439 3399 άγειν.
475 3309 521 3381 τά
535 3307 572 3379 δ’
590 3307 680 3379 αύτοδ
696 3306 859 3395 μάρτυροι
875 3306 979 3371 ἔστων

82 3410 151 3492 πρός
164 3438 199 3481 τε
212 3421 306 3481 θεῶν
321 3411 483 3499 μακάρων
497 3409 582 3497 πρός
596 3435 633 3478 τε
647 3414 785 3495 θνητόν
800 3399 994 3491 άνδριόπων
1015 3431 1023 3446 ·

82 3511 125 3579 καί
139 3523 220 3598 πρὸς
234 3519 298 3581 τοῦ
313 3519 471 3600 βασιλῆος
486 3509 630 3598 ἀπηνέος
635 3557 646 3596 ,
663 3516 772 3576 είποτε
789 3499 821 3572 δ’
839 3491 919 3570 αύτε
966 3509 1015 3563 σοι
