2442 3922
194 255 237 318 το
418 207 424 223 ’
530 253 747 312 maoz
773 250 807 311 ιτ.

195 424 352 503 Πείροος·
383 407 464 486 ούτα
486 417 520 484 δὲ
543 414 638 498 δουρί
667 405 748 496 παρ’
762 408 941 498 ’ὀμφαλόνΙ
969 412 1004 478 ἐκ
1029 407 1060 478 δ’
1083 407 1146 492 ἀρε

661 517 764 578 πᾶσαι
1097 525 1149 576 525

194 617 295 703 χύντο
313 622 411 703 χαμαὶ
429 613 575 702 χολάδες,
593 608 653 678 τδν
671 611 710 682 δὲ
725 609 842 688 σκότος
859 607 938 678 ὄσσε
955 608 1115 688 κάλυψεν.

241 713 309 784 Τόν
327 717 362 784 δὲ
381 714 470 794 Θόας
485 708 634 790 Αἰτωλός
649 709 876 796 ἐπεσσύμενον
893 707 975 796 βάλε
990 709 1085 792 δουρὶ

196 821 335 900 στέρνον
353 811 437 899 ὑπὲρ
453 817 577 900 μαζοῖο,
596 809 685 897 πάγη
704 807 736 878 δ’
754 811 791 878 έν
807 811 971 896 πνεύμονι
987 807 1116 896 χαλκός,

197 915 376 1005 ἀγχίμολον
394 916 431 982 δέ
446 915 481 980 οί
494 904 578 999 ἦλθε
597 909 694 996 Θόας,
712 913 748 979 ἐκ
768 907 801 977 δ’
819 909 960 997 ὄβριμον
977 915 1069 997 ἔγχος

197 1016 360 1086 ἐσπάσατο
378 1018 537 1099 στέρνοιο,
557 1010 718 1097 ἐρύσσατο
736 1010 770 1078 δὲ
788 1015 881 1096 ξίφος
898 1006 968 1096 ὀξύ,
1024 1057 1025 1062 1
1044 1073 1046 1078 ,
1096 1023 1150 1078 5³0

195 1122 243 1206 τςδ
260 1113 317 1201 όγε
335 1114 477 1200 γαστέρα
492 1110 576 1192 τύψε
592 1114 707 1198 μέσην,
724 1113 760 1177 έκ
778 1106 810 1178 δ’
830 1118 945 1178 αίνντο
963 1107 1087 1196 θνμόν.

197 1212 312 1299 τεύχεα
329 1208 362 1280 δ’
381 1206 444 1280 ούκ
461 1208 619 1278 ἀπέδυσε·
637 1214 838 1296 περίστησαν
854 1207 917 1297 γάρ
935 1211 1057 1295 ἑταῖροι

197 1313 337 1402 Θρήικες
353 1309 545 1398 ἀκρόκομοι,
563 1305 661 1396 δολίχ’
677 1312 772 1394 ἔγχεα
788 1309 900 1394 χερσίν
917 1314 1055 1395 ἔχοντες,

195 1419 230 1483 οἵ
245 1417 274 1500 ε’,
288 1415 393 1500 μέγαν
409 1435 471 1497 περ
488 1407 586 1479 ἐόντα
604 1410 660 1477 καί
677 1416 821 1495 ἴφθιμον
838 1408 892 1476 καὶ
908 1405 1048 1494 ἀγαυὸν,

196 1505 289 1582 αἶσαν
306 1510 371 1582 ἀπὸ
390 1517 531 1598 σφείων·
550 1505 568 1577 ὁ
587 1507 623 1577 δὲ
638 1505 843 1595 χασσάμενος
859 1512 1050 1594 πελεμίχθη.
1095 1523 1148 1577 5³5

177 1609 241 1692 ,οδς
255 1610 330 1700 τόγ’
348 1615 385 1680 ἐν
402 1615 530 1698 κονίῃσι
548 1605 623 1695 παρ’
643 1603 813 1693 ἀλλήλοισι
829 1605 1005 1693 τετάσθην,

195 1709 268 1797 ήτοι
284 1706 302 1779 ὁ
318 1708 379 1797 μὲν
397 1713 550 1796 Θρῃκῶν,
568 1702 592 1773 ὁ·
605 1703 637 1774 δ’
652 1702 789 1774 Ἐπειῶν
805 1703 1084 1792 χαλκοχιτώνων,·

196 1807 368 1898 ἡγεμόνες·
387 1807 503 1876 πολλοὶ
521 1806 556 1874 δὲ
573 1807 647 1890 περί
664 1810 831 1874 κτείνοντο
849 1805 903 1873 καί
920 1802 1023 1873 ἄλλοι.

227 1908 336 1976 Ἔνθα
353 1932 413 1975 κεν
429 1902 538 1974 οὐκέτι
555 1909 654 1990 ἔργον
671 1900 756 1992 ἀνήρ
774 1901 928 1974 ὀνόσαιτο
945 1902 1129 1993 μετελθών,

196 2007 287 2087 ὅστις
302 2003 344 2076 ἔτ’
361 2004 503 2093 ἄβλητος
519 2005 573 2072 καὶ
590 2001 771 2084 ἀνούτατος
787 2001 855 2084 ὀξέι
870 2005 979 2092 χάλκῷ
1094 2021 1148 2076 5⁴⁰

194 2107 322 2178 δινεύοι
340 2102 422 2176 κατά
441 2108 575 2192 μέσσον,
592 2103 669 2192 ἀγοι
684 2107 722 2172 δέ
738 2105 754 2173 ε’
768 2101 902 2184 Παλλὰς
916 2100 1041 2194 Ἀθήνη

193 2205 307 2296 χειρός
318 2201 436 2291 έλοῦέ,
455 2201 560 2289 αάτάρ
576 2209 702 2290 βελέων
718 2201 879 2291 ἀπερύκοι
898 2202 1022 2293 ἐρωήν·

151 2351 155 2357 -
194 2307 309 2377 πολλοὶ
325 2302 389 2392 γάρ
410 2301 536 2390 Τρύοιν
552 2305 607 2370 καί
617 2299 756 2389 Ἀχαιοῖν
772 2302 871 2391 ἤματι
888 2311 986 2396 κείνην

191 2411 332 2520 πρηνέες
348 2407 385 2474 ἐν
403 2410 534 2490 κονίῃσι
551 2398 624 2490 παρ’
642 2399 813 2492 ἀλλήλοισι
828 2407 971 2472 τέταντο.
1058 2441 1063 2448 .

530 2659 814 2669 m

254 2955 261 2965 .
391 2863 847 2954 ΙΛΙΑΛΟΣ
902 2873 951 2953 Ε.

592 3043 751 3053 ..α-*αι-

422 3155 680 3255 Λιομήδονς
710 3151 913 3251 ἀριστεία.

208 3299 293 3376 Ενθ
319 3297 362 3374 αύ
384 3310 526 3397 Τνδείδῃ
542 3307 706 3395 Διομήδει
721 3302 856 3386 Παλλὰς
867 3302 994 3392 ’Ἀθήνη

56 3366 58 3370 v
81 3472 84 3478 ,
190 3407 279 3472 δῶκε
298 3405 397 3492 μένος
413 3406 469 3475 καί
489 3405 629 3493 θάρσος,
647 3401 690 3474 ἵν’
707 3410 843 3492 ἔκδηλος
859 3401 940 3492 μετὰ
959 3410 1064 3472 πᾶσι

192 3496 360 3587 Ἀργείοισι
380 3506 508 3586 γένοιτο
526 3503 574 3572 ίδδ
594 3507 688 3584 κλέος
706 3502 831 3574 ε’σ-θλδν
846 3501 971 3587 ἄροιτο.
