2412 3918
192 209 252 277 162
534 203 755 264 ΙΛΙΛΔΟΣ
782 203 807 260 Ι.

192 375 362 462 [Ἀργείων
378 377 547 460 βασιλῆας,
564 365 634 435 ἐπεὶ
650 359 734 432 κατὰ
752 375 873 449 μοῖραν
889 369 1021 448 ἕειπες].

195 472 261 543 ἀλλ’
280 471 330 560 ὅγ’
349 470 446 558 ε’γῶν,
465 467 502 549 δς
518 479 587 536 σἐϊο
604 467 794 551 γεραίτερος
812 460 954 549 εὔχομαι
971 461 1067 550 είναι,
1111 477 1141 532 λλ

193 577 307 653 ἐξείπω
324 572 379 640 καὶ
397 570 505 639 πάντα
522 571 678 651 διίξομαι·
697 559 778 630 οὐδέ
793 563 836 630 κέ
847 567 897 642 τίς
914 589 973 650 μοι

194 681 308 761 μῦθον
325 668 484 757 ἀτιμήσει,
502 663 581 734 ούδέ
597 668 719 748 κρείων
731 658 960 749 Ἀγαμέμνων.

195 768 353 858 ἀφρήτωρ
367 768 559 854 ’ἀθέμιστος
587 761 737 841 ἀνέστιός
752 765 844 830 ἐστιν
861 763 989 841 ἐκεῖνος

196 868 233 949 ὃς
250 870 396 955 πολέμου
413 872 525 952 ἔραται
540 866 715 950 ἐπιδημίου
732 858 943 950 όκρυόεντος.

196 965 262 1036 ἀλλ’
281 966 356 1054 ῆτοι
371 971 437 1033 νῦν
452 964 514 1051 μὲν
529 961 727 1048 πειθόμεθα
743 962 840 1030 νυκτὶ
856 969 999 1051 μελαίνη
1114 975 1143 1030 55

198 1067 305 1153 δόρπα
324 1061 347 1133 τ’
368 1061 653 1150 ἐφοπλισόμεσθα·
672 1066 884 1147 φυλακτῆρες
901 1060 938 1130 δὲ
955 1061 1088 1129 ἕκαστοι

200 1165 370 1244 λεξάσθων
387 1159 475 1250 παρὰ
494 1161 625 1247 τάφρον
640 1157 789 1248 ὀρυκτήν
805 1163 927 1243 τείχεος
943 1158 1050 1238 ἐκτός.

198 1264 370 1351 κούροισιν
386 1263 448 1349 μὲν
463 1258 552 1329 ταῦτ’
571 1261 793 1344 ἐπιτέλλομαι·
812 1254 921 1344 αύτάρ
939 1263 1065 1345 ἔπειτα,
1195 1287 1196 1340 j

196 1363 350 1451 Ἀτρείδη,
369 1360 412 1430 σύ
429 1362 490 1448 μὲν
508 1359 602 1445 άρχε·
620 1356 663 1425 σύ
679 1355 745 1444 γάρ
762 1357 1002 1444 βασιλεύτατός
1020 1361 1098 1426 ἐσσι.
1195 1347 1196 1434 λ

199 1469 297 1532 δαίνυ
313 1466 406 1530 δαῖτα
422 1463 594 1547 γέρουσιν·
612 1459 701 1526 έοικέ
715 1482 776 1543 τοι,
793 1456 888 1524 ούτοι
905 1455 1025 1537 ἀεικές.
1118 1472 1145 1527 λυ

199 1566 309 1629 πλεῖαί
323 1586 374 1628 τοι
390 1568 485 1626 ολνου
502 1563 634 1642 κλισίαι,
650 1553 711 1624 τὸν
727 1563 805 1642 νῆες
819 1554 959 1643 Ἀχαιῶν
1195 1555 1196 1576 ί

200 1659 331 1747 ήμάτιαι
348 1656 527 1745 Θρῄκηθεν
544 1653 591 1724 ἐπ’
611 1651 710 1741 εὐρέα
725 1655 852 1723 ιιόντον
869 1655 1029 1740 άγονσιν·

201 1759 289 1827 πᾶσά
307 1761 360 1825 τοί
373 1757 442 1824 ἐσθ’
460 1752 627 1840 ὑποδεξίη,
644 1762 799 1822 πολέεσσι
817 1749 848 1822 δ’
867 1752 1036 1834 ἀνάσσεις.

202 1863 333 1925 πολλῶν
351 1853 382 1923 δ’
401 1851 594 1941 ἀγρομένων
611 1861 658 1944 τῶ
673 1858 801 1920 πείσεαι
818 1851 857 1933 ὅς
873 1880 933 1922 κεν
950 1851 1091 1943 ἀρίστην

203 1955 329 2044 βουλήν
346 1953 529 2042 βουλεύσῃ·
547 1954 635 2041 μάλα
653 1955 688 2022 δὲ
706 1952 791 2038 χρεῶ
809 1953 938 2033 πάντας
951 1951 1101 2041 Ἀχαιούς
1119 1969 1148 2025 7⁵

151 2100 153 2104 ·
202 2060 325 2143 ἐσθλῆς
340 2057 394 2122 καί
411 2061 561 2140 πυκινῆς,
580 2051 632 2121 ότι
649 2053 736 2139 δήϊοι
756 2053 877 2138 ἐγγύθι
894 2062 988 2140 νηῶν

203 2160 356 2223 καίουσιν
373 2148 462 2235 πυρά
480 2152 601 2219 πολλά·
620 2159 668 2231 τίς
684 2147 728 2218 ἀν
744 2151 823 2219 τάδε
839 2153 1043 2239 γηθήσειενς

205 2249 265 2332 νύξ
282 2249 313 2320 δ’
332 2248 386 2337 ῆδ’
406 2248 443 2336 ήέ
461 2255 643 2336 διαρραίσει
660 2247 802 2336 στρατόν
816 2249 855 2337 ήὲ
872 2251 1032 2334 σαῶσει.“

239 2347 300 2428 Ὣς
317 2347 426 2435 ἔφαθ’,
445 2353 478 2416 οί
494 2347 526 2416 δ’
544 2349 609 2434 άρα
626 2357 686 2416 τοῦ
704 2349 794 2435 μάλα
803 2350 865 2435 μὲν
877 2350 996 2435 κλύον,
1014 2348 1071 2438 ἥδ’
1086 2352 1150 2417 ἐπί·
1194 2421 1195 2426 ,

693 2459 808 2516 θοντο.
1194 2437 1195 2460 ’

204 2550 240 2614 ἐκ
260 2545 295 2642 δέ
312 2554 519 2634 φυλακτῆρες
536 2545 602 2616 σύν
620 2548 770 2633 τεύχεσιν
787 2547 966 2616 ἐσσεύοντο
1122 2563 1152 2616 θλ

204 2642 293 2730 ἀμφί
306 2671 341 2713 τε
358 2651 565 2732 Νεστορίδην
583 2645 815 2734 Θρασυμήδεα,
833 2651 976 2731 ποιμένα
993 2654 1096 2734 λαῶν,

205 2740 260 2828 ήδ’
277 2740 357 2830 ἀμφ’
372 2741 581 2830 Ἀσκάλαφον
596 2746 651 2812 καὶ
663 2743 844 2832 Ἰάλμενον,
865 2739 941 2824 υἷας
952 2745 1088 2832 Ἀρηος,

204 2837 290 2926 ἀμφί
306 2868 341 2909 τε
361 2843 537 2930 Μηριόνην
547 2840 699 2932 Ἀφαρῆά
716 2871 751 2912 τε
767 2843 948 2932 Δηΐπυρόν
963 2871 1011 2930 τε,

204 2935 257 3024 ἠδ’
275 2937 359 3025 ἀμφὶ
376 2946 554 3025 Κρείοντος
567 2942 655 3028 υίόν,
671 2945 874 3033 Λυκομήδεα
892 2951 975 3012 δίον.

204 3032 368 3133 ἕιιτἸέσαν
384 3033 543 3124 ἡγεμόνες
559 3043 733 3131 φυλάκων,
752 3040 871 3112 ἑκατόν
890 3043 928 3112 δὲ
946 3043 1075 3134 ἑκάστῳ
1125 3055 1154 3111 85

204 3141 322 3219 κοῦροι
338 3134 405 3219 ἅμα
423 3150 561 3226 στεῖχον,
581 3143 678 3228 δολίχ’
698 3149 794 3229 ἔγχεα
810 3143 923 3229 χερσὶν
942 3146 1089 3227 ἔχοντες·

204 3231 267 3298 κάδ
283 3231 319 3299 δὲ
334 3235 436 3318 μέσον
452 3236 584 3322 τάφρον
601 3240 656 3308 καλ
671 3249 793 3328 τείχεος
810 3236 880 3323 ἷζον
898 3238 1023 3319 ἐόντες·

204 3333 287 3396 ἔνθα
304 3330 340 3398 δέ
357 3337 425 3419 πῦρ
441 3332 575 3424 κήαντο,
595 3346 728 3410 τίθεντο
746 3341 782 3410 δὲ
800 3339 909 3428 δόρπα
927 3341 1078 3422 ἕκαστος,
1193 3395 1194 3414 ,

192 3527 195 3534 ⁴
243 3426 406 3516 Ἀτρείδης
424 3431 458 3498 δὲ
476 3437 634 3517 γέροντας
658 3443 795 3520 ἀολλέας
824 3431 908 3527 ῆγεν
921 3436 1066 3523 Ἀχαιῶν
