2406 3920
337 281 341 292 ·
365 264 584 322 ΙΛΙΑΔΟΣ
602 265 661 324 ΧΗ.

56 427 90 494 τά
106 427 164 513 μὲν
180 426 246 512 άρα
264 423 475 513 προπάροιθε
492 425 631 493 πυλάων
647 423 809 512 ὑψηλάων

55 527 183 593 ἕστασαν
202 521 246 604 ὡς
263 523 317 592 ὅτε
334 549 370 590 τε
388 522 487 608 δρύες
503 523 641 610 οὔρεσιν
656 520 867 613 ὑψικάρηνοι,

55 622 102 690 αἴτ’
119 623 246 710 άνεμον
263 631 421 709 μίμνουσι
436 625 492 692 καί
509 621 609 692 ὑετόν
624 623 732 712 ἤματα
750 626 869 711 πάντα,

55 726 167 812 ῥίζῃσιν
182 722 342 810 μεγάλῃσι
359 720 557 808 διηνεκέεσιέ
574 720 746 808 άραρυλαι·

56 819 91 901 ός
106 822 168 907 άρα
185 819 231 890 τά
249 827 393 909 χείρεσσι
409 821 609 901 πεπονθότες
625 820 684 908 ήδὲ
702 829 819 910 βίηφιν
949 837 997 894 1³5

54 928 163 1008 μίμνον
179 922 402 1008 ἐπερχόμενον
418 925 523 1008 μέγαν
536 919 654 990 Ἀσιον
671 920 747 990 οὐδ’
765 925 935 1011 ἐφέβοντο.

54 1026 81 1088 οί
96 1019 125 1088 δ’
142 1019 220 1100 ίθύς
236 1018 321 1107 πρός
336 1033 441 1106 τεῖχος
457 1021 634 1106 ἐΰδμητον,
652 1019 735 1108 βόας
752 1020 836 1102 αὔας

55 1117 140 1199 ὑηόά
156 1117 388 1206 ἀνασχόμενοι,
407 1125 499 1188 ἔκιον
515 1118 648 1209 μεγάλην
665 1118 816 1209 άλαλητῷ

50 1220 148 1287 ’.ίσιον
164 1217 249 1304 άμφί
266 1218 393 1286 άυαιιτα
409 1223 464 1287 καί
476 1217 627 1305 Ἰαμενὸν
642 1220 697 1286 καί
711 1216 865 1306 Ὀρέστην

55 1319 192 1406 Ασιάδην
206 1317 233 1386 τ’
252 1318 437 1406 Ἀδάμαντα
456 1317 577 1386 Θόωνά
594 1345 629 1386 τε
649 1317 821 1404 Οἰνόμαόν
836 1345 880 1387 τε.
948 1335 996 1389 140

55 1421 81 1484 οί
95 1417 122 1485 δ’
138 1418 211 1506 ήτοι
229 1421 303 1497 ε’ίως
318 1420 379 1504 μὲν
395 1417 594 1504 ἐϋκνήμιδας
614 1415 764 1502 Ἀχαιοὺς

55 1517 173 1598 άρνυυν
189 1508 289 1586 ἔνδον
306 1518 417 1598 ἐόντες
432 1514 622 1604 άμόνεσθαι
638 1518 714 1600 περὶ
730 1524 838 1602 νηόν·

55 1615 145 1705 αὐτάρ
163 1618 274 1706 ἐπειδή
293 1632 397 1703 τεῖχος
412 1618 657 1703 ἐπεσσυμένους
675 1613 818 1702 ἐνόησαν

58 1724 168 1804 Τρῶας,
185 1717 270 1804 άτάρ
288 1724 437 1786 Δαναῶν
453 1718 567 1802 γένετο
584 1715 660 1802 ἰαχή
677 1739 712 1782 τε
732 1713 838 1802 φόβος
853 1737 898 1797 τε,

55 1818 84 1882 ἐκ
100 1819 132 1886 δὲ
145 1819 191 1886 τά
210 1817 343 1899 άίξαντε
359 1814 498 1884 πυλάων
514 1814 646 1900 πρόσθε
665 1815 847 1900 μαχέσθην,
946 1826 991 1881 14⁵

54 1913 247 2004 ἀγροτέροισι
264 1918 401 1987 σύεσσιν
419 1914 553 1999 ἐοικότε,
570 1911 644 1981 τότ’
658 1915 695 1980 ἐν
712 1911 848 1997 ὄρεσσιν

54 2013 172 2102 ἀνδρῶν
187 2016 248 2104 ήδέ
265 2023 381 2086 κυνῶν
399 2019 529 2102 δέχαται
546 2009 753 2098 κολοσυρτόν
769 2009 872 2095 ίόντα,

55 2117 151 2200 δοχμοί
166 2114 191 2184 τ’
210 2117 364 2185 άΐσσοντε
381 2118 456 2200 περί
474 2121 590 2200 σφίσιν
606 2113 754 2198 άγνυτον
770 2109 866 2196 ὕλην,

55 2212 194 2334 πρυμνὴν
212 2214 438 2302 ἐκτάμνοντες,
457 2211 539 2280 ὑπαί
556 2217 595 2280 δέ
608 2237 643 2279 τε
659 2210 787 2298 κόμπος
803 2205 952 2278 ὀδόντων

54 2317 193 2400 γίγνεται,
211 2313 320 2382 είσόκε
337 2319 385 2392 τίς
400 2339 435 2380 τε
453 2309 601 2400 βαλάνέ
601 2310 754 2398 κθυμόν
763 2311 893 2430 ἕληται·
945 2323 994 2376 160

56 2419 169 2486 οιςτάν
186 2413 308 2498 κόμπει
324 2410 443 2498 χαλκός
460 2415 514 2480 ἐπὶ
530 2411 689 2498 στήθεσσι
706 2407 842 2496 φαεινός

55 2506 144 2596 άντην
158 2515 388 2599 βαλλομένων·
406 2513 494 2598 μάλα
515 2509 580 2598 γάρ
596 2515 763 2595 κρατερῶς
779 2508 949 2594 ἐμάχοντο,

55 2612 166 2676 λαοῖσιν
180 2609 380 2697 καθύπερθε
397 2609 596 2688 πεποιθότες
611 2607 670 2696 ήδὲ
687 2615 724 2694 β
721 2633 814 2694 ηφιν.

55 2707 81 2770 οί
94 2705 123 2772 δ’
140 2707 204 2796 άρα
221 2715 447 2796 χερμαδίοισιν
464 2707 636 2795 ἐϋδμήτων
653 2705 717 2776 άπὸ
737 2704 875 2791 πύργων

56 2804 172 2894 βάλλον,
188 2807 394 2896 άμυνόμενοι
411 2815 509 2893 σφῶν
526 2805 550 2874 τ’
570 2805 683 2874 αὐτῶν
700 2806 755 2874 καὶ
765 2802 924 2872 κλισιάων
943 2818 992 2872 155

56 2911 131 2987 νηῶν
145 2905 168 2973 τ’
189 2906 387 2993 ὠκυπόρων.
421 2906 558 2993 νιφάδες
576 2906 608 2974 δ’
628 2903 673 2986 άς
689 2918 810 2972 πῖπτον
826 2907 928 2991 ἔραζε,

55 2997 108 3068 ἆσέ
125 3002 245 3092 άυεμος
262 3005 349 3094 ζαής,
368 3008 471 3092 νέφεα
488 3007 641 3075 σκιόεντα
658 3002 811 3089 δονήσας,

56 3125 194 3188 ταρφειας
210 3109 386 3191 κατέχευεν
402 3109 455 3174 ἐπὶ
470 3109 568 3192 χθονὶ
585 3109 842 3190 πουλυβοτείρῃ·

57 3195 89 3276 ἐς
101 3211 162 3270 τοῖν
176 3207 212 3272 ἐκ
228 3215 350 3290 χειροῖν
365 3211 463 3292 βέλεα
481 3209 569 3292 ῥέον,
587 3202 671 3290 ήμέν
687 3200 828 3287 Ἀ’χαιων

58 3293 100 3378 η’δε
113 3304 165 3370 καὶ
182 3304 219 3370 ἐκ
240 3301 380 3388 Τριόων·
398 3303 544 3388 κόρυθες
562 3305 592 3372 δ’
611 3300 691 3390 ἀμφ’
708 3295 794 3369 αὖον
805 3298 928 3368 άῧτευν
941 3313 989 3368 160

57 3400 236 3486 βαλλόμεναι
254 3405 439 3488 μυλάκεσσι
456 3405 512 3472 καὶ
528 3402 664 3480 άσπίδες
680 3397 914 3486 ὀμφαλόεσσαι.

58 3493 86 3578 δή
100 3501 136 3584 ῥα
149 3497 213 3568 τότ’
226 3498 362 3590 ᾤμωξέν
377 3529 412 3572 τε
429 3505 484 3572 καλ
501 3501 528 3570 οἳ
545 3500 726 3588 πεπλήγετο
744 3497 837 3584 μηροὶ
