2412 3918
173 259 231 319 γης
507 237 730 300 ΙΛΙΑΔΟΣ
758 239 781 294 Ι.

175 421 211 503 τῇ
228 413 286 498 ὅγε
303 410 544 494 παρκατέλεκτο
562 397 665 484 χόλον
680 394 859 480 θυμαλγέα
877 395 1025 475 πέσσων,
1080 401 1127 456 565

171 518 203 594 ἐξ
221 511 329 598 άρέωυ
346 507 468 596 μητρός
487 493 763 587 κεχολωμένος,
740 521 824 581 ηα
781 497 824 581 ῥα
841 503 978 562 θεοῖσιν

172 611 263 682 πόλλ’
280 603 443 697 άχέουό’
424 609 528 692 ηράτο
547 596 760 683 κασιγνήτοιο
779 592 913 680 φόνοιο,

175 708 280 781 πολλὰ
298 708 334 776 δε
351 707 407 774 καὶ
422 716 522 789 γαῖαν
538 694 762 782 πολυφόρβην
777 693 892 778 χερσὶν
909 688 1010 758 ἀλοία

173 802 384 896 κικλήσκουο)
399 802 511 888 Ἀίδην
526 800 583 868 καί
600 792 743 880 ἐπαινὴν
759 789 1026 879 Περσεφόνειαν,

174 910 303 995 πρόχνυ
319 904 534 988 καθεζομένη,
552 897 690 967 δεύοντο
708 893 744 961 δὲ
763 890 908 976 δάκρυσι
924 888 1059 970 κόλποι,
1082 899 1130 955 570

173 1011 265 1077 παιδί
281 1007 383 1092 δόμεν
399 1003 566 1070 θάνατον·
587 1023 646 1084 της
662 991 694 1062 δ
706 991 897 1116 ἠεροφοῖτις
909 983 1044 1070 Ἐρινύς

174 1114 292 1178 ἔκλυεν
308 1108 340 1184 έ
355 1103 563 1189 Ερέβεσφιν,
597 1095 767 1183 ἀμείλιχον
784 1085 867 1179 ἦτορ
884 1094 1025 1175 ἔχουσα·

175 1215 243 1276 τῶν
259 1206 295 1274 δέ
312 1203 372 1289 τάχ
368 1199 482 1288 ’άμφὶ
499 1199 608 1276 πύλας
624 1194 750 1282 ὅμαδος
765 1195 821 1260 καὶ
838 1195 966 1268 δοῦπος
984 1184 1107 1273 ὀρώρει

176 1306 316 1390 πύργων
332 1300 562 1390 βαλλομένων·
584 1291 645 1362 τὸν
663 1294 699 1361 δὲ
715 1297 871 1360 λίσσοντο
888 1293 1048 1374 γέροντες

177 1409 345 1485 Αἰτωλῶν,
364 1403 494 1520 πέμπον
510 1397 546 1462 δὲ
562 1400 656 1462 θεῶν
673 1396 786 1478 ἱερῆας
802 1387 972 1514 ἀρίστους,
1086 1397 1132 1452 57⁵

177 1507 322 1582 ἐξελθεῖν
338 1494 428 1566 καῖ’
410 1501 544 1582 αμῦναι,
562 1490 786 1577 ὑποσχόμενοι
801 1492 887 1573 μέγα
904 1491 1034 1571 δωρον

179 1599 306 1668 ὁππόθι
323 1597 480 1664 πιότατον
497 1596 612 1660 πεδίον
629 1593 837 1668 Καλυδῶνος
853 1592 1010 1672 ἐραννῆς,

177 1705 262 1766 έυθα
279 1723 336 1782 μιν
351 1694 486 1781 ἤνωγον
502 1696 636 1777 τέμενος
653 1687 847 1773 περικαλλές
865 1689 1005 1754 ἑλέσθαι

179 1793 476 1880 πεντηκοντόγυον,
493 1815 531 1856 το
521 1788 649 1876 μέν’
625 1808 730 1876 ημισυ
748 1791 950 1871 οἰνοπέδοιο,

178 1893 281 1980 ημισυ
300 1891 335 1959 δὲ
351 1888 483 1976 ψιληυ’
468 1889 587 1971 άροσιν
603 1894 729 1956 πεδίοιο
746 1889 923 1972 ταμέσθαι
1089 1897 1137 1950 58⁰

180 1991 285 2059 πολλά
303 1995 342 2058 δέ
356 2017 414 2076 μιν
432 1987 583 2056 λιτάνευε
599 1992 708 2073 γέρων
725 1983 894 2070 ἱππηλάτα
913 1978 1050 2066 Οἰνεύς,

181 2089 285 2159 οὐδοῦ
302 2085 510 2175 ἐπεμβεβαώς
526 2085 716 2174 ὑψηρεφέος
728 2085 910 2171 θαλάμοιο,

182 2193 280 2257 σείων
300 2184 461 2274 κολλητὰς
480 2191 626 2272 σανίδας,
647 2184 879 2270 γουνούμενος
894 2181 989 2251 υέόυ·

182 2283 287 2353 πολλά
305 2287 341 2352 δέ
357 2285 455 2368 τόνγε
471 2289 666 2370 κασίγνηται
682 2287 738 2352 καὶ
755 2283 877 2352 πότνια
894 2281 1005 2369 μήτηρ

176 2379 383 2450 ἐλλίσσονθ’·
403 2379 421 2447 ὁ
440 2385 475 2448 δὲ
491 2381 805 2467 μᾶλλουάναίνετο·
824 2381 933 2449 πολλά
952 2378 985 2446 δ’
1008 2380 1139 2462 ἑταῖροι,

62 2527 65 2533 ,
184 2483 217 2547 οἵ
232 2483 267 2547 oc
280 2479 472 2548 κεδνότατοι
488 2483 544 2548 καὶ
561 2489 713 2568 φίλτατοι
727 2475 816 2568 ἦσαν
833 2479 1011 2548 ἁπάντων·
1094 2489 1140 2544 586

1126 2569 1135 2591 .

184 2575 251 2645 ἀλλ’
269 2576 345 2646 οὐδ’
363 2577 407 2658 63
422 2587 483 2646 τοῦ
500 2579 616 2666 θυμόν
632 2585 682 2650 ένὶ
699 2583 884 2668 στήθεσσιν
899 2585 1055 2664 ἔπειθον,

184 2680 263 2760 πρίν
288 2673 321 2760 γ’
342 2674 397 2744 ὅτε
425 2679 465 2763 δὴ
488 2679 641 2765 θάλαμος
661 2682 752 2750 πύκα
773 2681 932 2768 βάλλετο,
962 2679 1015 2745 τοί
1037 2671 1069 2744 δ’
1094 2675 1142 2742 ἐπὶ

653 2805 794 2866 πυργων

186 2879 304 2956 βαῖνον
320 2881 491 2962 Κουρῆτες
507 2881 562 2945 καὶ
579 2881 771 2967 ἐνέπρηθον
788 2885 873 2967 μέγα
892 2879 988 2945 ἄστυ.
1094 2923 1099 2933 «

185 2969 294 3036 καῖ’
256 2995 331 3037 τοτε
348 2970 388 3056 δὴ
406 2976 605 3061 Μελέαγρον
621 2980 777 3060 ἐύζωνος
775 2979 979 3100 παράκοιτις
1097 2987 1145 3043 590

187 3065 302 3134 λίσσετ’
320 3066 515 3190 ὀδυρομένη,
537 3081 596 3142 καί
610 3103 643 3144 οι
635 3077 874 3160 κατέλεξεν”
851 3103 986 3145 απαντα

187 3163 285 3250 κήδε’,
308 3163 392 3232 66'
374 3169 583 3252 ανθρώποισι
599 3182 694 3246 πέλει
709 3185 779 3246 τῶν
797 3177 884 3246 άστυ
901 3173 1073 3264 6666·-

187 3260 358 3345 ἄνδρας
325 3289 387 3348 μευ
402 3273 578 3357 κτείνουσι,
600 3275 702 3345 πόλιν
720 3282 757 3345 δέ
772 3304 808 3346 τε
827 3285 897 3364 πύρ
914 3273 1100 3360 ἆμᾱθῦνὲιι

188 3361 285 3425 τέκνα
304 3361 382 3427 δέ’
356 3389 375 3427 τ
401 3362 534 3432 ἄλλοτ’
511 3393 634 3451 αγουσι
651 3376 874 3463 βαθυζώνους
890 3401 926 3443 τε
941 3387 1116 3461 γυναῖκας·

188 3463 248 3523 τοῦ
265 3455 297 3524 δ’
316 3456 452 3542 όρίνετο
468 3465 616 3552 θυμός’
595 3477 782 3558 ακούοντος
798 3503 885 3546 κακα
873 3474 999 3561 ἔργα,
1097 3483 1144 3539 595
