2412 3918
412 252 632 312 ΙΛΙΑΔΟΣ
654 255 700 314 IX.
975 254 1034 320 1⁶5

84 413 115 480 έν
131 409 161 480 δ’
179 411 302 499 ἀνδρες
319 418 451 482 ναίουσι
468 411 678 500 πολύρρηνες
706 422 923 506 πολυβοῦται,

85 514 114 579 οἵ
127 513 164 580 κέ
181 513 198 580 έ
213 515 371 602 δωτίνῃσι
385 509 472 582 θεὸν
490 508 533 592 δός
548 512 746 600 τιμήσουσιν
982 533 1032 588 Ιοσ

85 616 135 678 καί
148 613 184 678 οί
195 608 261 680 ἀπὸ
280 611 436 702 σκήπτρῳ
454 610 595 696 λιπαράς
610 615 759 682 τελέουσι
775 619 941 702 θέμιστας.

86 709 181 780 ταῦτά
196 711 237 778 κέ
252 715 286 779 οί
301 715 467 798 τελέσαιμι
484 713 722 800 μεταλλήξαντι
737 713 858 800 χόλοιο.

84 809 236 897 δμηθήτω
244 809 400 898 -Ἀίδης
410 837 461 880 τοι
472 810 637 900 ἀμείλιχος
648 811 703 900 ἠδ’
718 809 923 902 ἀδάμαστος·

82 905 217 977 τούνεκα
234 915 293 978 καί
305 936 341 978 τε
358 919 506 998 βροτοῖσι
521 919 615 980 θεῶν
631 917 783 998 ἔχθιστος
798 910 1005 984 ἀπάντων..

81 1014 133 1074 καί
145 995 405 1099 μοιιύποστήτω,
423 1009 528 1080 ὅσσον
544 1011 776 1098 βασιλεύτερός
793 1018 860 1101 είμι
981 1029 1031 1086 160

82 1102 128 1191 ἠδ’
145 1105 250 1176 ὅσσον
267 1116 369 1198 γενεή
386 1110 644 1198 προγενέστερος
661 1110 798 1199 εύχομαι
814 1111 931 1182 είναι.“

118 1205 185 1273 Τὸν
202 1204 234 1274 δ’
254 1205 396 1296 ἠμείβετ’
416 1215 527 1278 ἔπειτα
543 1209 704 1297 Γερήνιος
721 1211 844 1280 ίπτιότα
861 1217 999 1298 Νέστωρ

81 1302 237 1394 ,Ἀτρείδη
256 1307 402 1393 κύδιστε,
423 1303 505 1389 ἀναξ
522 1305 657 1396 ἀνδρων
669 1305 887 1397 Ἀγάμεμνον,

80 1409 165 1490 δάρα
182 1403 243 1492 μὲν
261 1403 367 1476 οὐκέτ’
387 1405 509 1476 ὀνοστὰ
528 1411 631 1488 διδοῖς
647 1405 773 1496 Ἀχιλήῐ
787 1407 918 1477 ἀνακτι·

79 1499 142 1572 ἀλλ’
159 1504 267 1591 ἀγετε,
285 1503 428 1592 κλητοὺς
444 1504 643 1593 ὀτρύνομεν,
662 1510 749 1575 οἶκε
765 1506 898 1594 τάχιστα
978 1523 1027 1581 16⁵

79 1602 191 1672 έλθωό
210 1610 245 1685 ές
263 1610 395 1692 κλισίην
411 1605 609 1693 Πηληϊάδεω
625 1603 780 1692 Ἀχιλήος.

79 1708 105 1769 εἰ
123 1701 154 1770 δ’
173 1702 244 1790 ἀγε,
263 1701 343 1796 τούς
361 1699 404 1771 ἀν
421 1702 508 1792 έγύν
524 1705 718 1792 ἐπιόψομαι,
740 1709 775 1774 οί
789 1709 825 1772 δὲ
842 1709 1027 1775 πιθέσθων.

79 1809 185 1884 Φοῖνιξ
202 1802 266 1890 μὲν
282 1804 453 1888 πράτιστα
482 1809 627 1890 διίφιλος
656 1802 852 1893 ἡγησάσθω,

78 1900 175 1991 αύτάρ
194 1903 291 1972 ἔπειτ’
308 1913 394 1984 Λίας
409 1930 445 1972 τε
461 1908 563 1991 μέγας
579 1906 635 1972 καὶ
653 1906 723 1984 δῖος
736 1901 930 1982 Ὀδυσσεύς·

77 2002 228 2089 κηρύκων
253 2002 285 2071 δ’
308 2002 412 2084 Ὀδίος
433 2030 469 2072 τε
491 2005 547 2072 καὶ
567 2000 766 2089 Εὐρυβάτης
787 1999 841 2088 ἀμ’
864 2005 1027 2072 έπέσθων.

77 2106 167 2186 φέρτε
184 2101 221 2172 δὲ
237 2105 353 2192 χερσίν
369 2103 473 2191 ὕδωρ,
491 2103 684 2190 εὐφημῆσαί
697 2127 732 2169 τε
749 2103 898 2187 κέλεσθε,
980 2116 1025 2172 171

77 2199 158 2290 όφρα
173 2208 232 2273 Διὶ
250 2209 402 2293 Κρονίδη
419 2199 612 2290 ἀρησόμεθ’,
629 2211 666 2270 αἱ
679 2198 707 2269 κ’
725 2199 876 2288 έλεήση.“

116 2298 175 2383 Ὣς
190 2304 291 2390 φάτο,
309 2317 395 2372 τοῖσι
412 2304 449 2372 δὲ
466 2311 568 2370 πᾶσιν
585 2301 703 2370 ἑαδότα
720 2307 836 2386 μῦθον
851 2303 967 2367 έειειεν.

77 2398 185 2471 αάτίκα
201 2404 349 2492 κήρυκες
364 2405 426 2490 μὲν
442 2401 535 2488 ὕδωρ
552 2403 606 2470 ἐπὶ
622 2412 731 2486 χεῖρας
747 2404 875 2485 ἔχευαν,

77 2507 186 2587 κούροι
203 2505 241 2571 δὲ
258 2508 426 2590 κρητῆρας
445 2505 665 2582 ἐπεστέψαντο
682 2510 807 2584 ποτοῖο,
980 2513 1028 2568 175

77 2599 229 2688 νόμησαν
248 2598 281 2668 δ’
299 2600 366 2688 ἀρα
383 2607 486 2669 πᾶσιν
503 2598 724 2684 ἐπαρξάμενοι
741 2595 928 2665 δεπάεσσιν.

79 2695 174 2786 αὐτὰρ
193 2701 265 2768 ἐπεὶ
284 2699 427 2768 σπεῖσάν
444 2697 468 2766 τ’
488 2698 586 2768 ἔπιόν
601 2695 635 2764 θ’
653 2695 737 2765 ὅσον
752 2694 856 2784 ήθελε
872 2693 995 2784 θυμός,

78 2794 216 2884 ὁρμοῦντ’
235 2803 273 2866 ἐκ
290 2807 419 2885 κλισίης
433 2797 678 2885 Ἀγαμέμνονος
692 2794 867 2884 Ἀτρείδαο.
938 2863 943 2874 ,

77 2910 151 2964 τοῖσι
168 2900 205 2967 δέ
223 2896 317 2966 πόλλ’
336 2899 489 2966 έπίτελλε
506 2896 669 2982 Γερήνιος
686 2893 809 2962 ίππότα
826 2897 976 2981 Νέστωρ,

79 2999 249 3066 δενδίλλων
266 3000 299 3076 ές
314 2999 469 3084 ἕκαστον,
485 2995 642 3082 Ὀδυσσῆι
658 2998 694 3062 δέ
710 2993 862 3080 μάλιστα,
979 3009 1029 3065 ιθο

77 3103 184 3180 πειρᾶν
200 3093 247 3176 άς
262 3103 443 3166 πεπίθοιεν
459 3095 615 3182 ἀμύμονα
632 3098 817 3180 Πηλείωνα.

67 3223 72 3234 ·
115 3193 164 3262 To}
182 3196 219 3265 δέ
235 3196 345 3283 βάτην
361 3194 452 3281 παρά
470 3205 552 3264 θῖνα
569 3195 831 3278 πολυφλοίσβοιο
842 3189 1026 3276 θαλάσσης,

77 3293 170 3364 πολλά
187 3294 262 3383 μάλ’
283 3294 454 3383 εύχομενω
470 3293 617 3383 γαιηόχῳ
636 3294 817 3378 έννοσιγαί,

77 3393 196 3479 δηιδίως
212 3406 373 3465 πεπιθεῖν
389 3396 536 3484 μεγάλας
552 3394 679 3479 φρένας
697 3391 872 3457 Αἰακίδαο·

79 3494 302 3583 Μυρμιδόνων
318 3493 352 3564 δ’
371 3498 429 3564 έπί
443 3521 478 3563 τε
494 3499 623 3570 κλισίας
640 3490 696 3559 καὶ
713 3494 795 3573 νῆας
812 3489 963 3570 ἱκέσθην,
978 3496 1028 3550 185
