2406 3920
197 212 259 276 262
535 213 753 272 ΙΛΙΑΔΟΣ
771 215 811 272 Ν.

196 370 241 442 ἐν’
251 370 344 441 σάκει
357 370 567 460 Ἀντιλόχοιο,
583 369 621 440 τό
641 367 673 439 δ’
690 368 795 458 ήμισν
810 369 884 441 κεῖτ’
904 375 958 442 ἐπί
973 381 1079 461 γαίης·
1090 387 1131 442 56⁵

196 467 243 552 ἄν
259 468 290 539 δ’
311 471 438 561 ἑτάρων
453 479 499 552 είς
515 476 617 552 ἐθνος
633 471 762 558 ἐχάζετο
790 469 863 559 κῆρ’
881 469 1054 552 ἀλεείνων·

196 570 373 658 Μηριόνης
389 570 421 640 δ’
442 569 584 641 ἀπιόντα
601 569 849 657 μετασπόμενος
862 569 943 658 βάλε
962 574 1056 656 δουρὶ

196 675 332 740 αἰδοίων
348 698 384 740 τε
399 669 528 759 μεσηγό
544 671 600 739 καὶ
617 667 782 756 ὀμφαλοῦ,
796 674 882 738 ἐνθα
898 669 1040 756 μάλιστα

197 767 315 857 γίγνετ’
324 771 427 859 ’Ἇρης
442 767 611 858 ἀλεγεινὸς
627 766 784 854 ὀίζνροίσι
800 775 979 856 βροτοῖσιν.

196 874 282 938 ἔνθα
298 872 332 938 οί
347 873 441 956 ἔγχος
458 875 591 957 ἔπηξεν·
613 865 631 936 ὁ
649 864 682 936 δ’
694 865 875 955 ἑσπόμενος
890 868 965 955 περὶ
977 869 1070 952 δουρὶ
1089 879 1131 934 ὀλο

196 965 326 1054 ἤσπαιρ’
346 965 389 1048 ὡς
405 968 460 1038 ὅτε
476 976 568 1058 βοῦς,
585 963 670 1041 πάντ’
688 965 804 1055 οᾶρεσι
820 967 979 1055 βουκόλοι
995 966 1107 1054 ἄνδρες

198 1067 328 1136 ἰλλάσιν
344 1065 407 1138 οὐκ
423 1070 583 1138 ἐθέλοντα
599 1072 655 1156 βίη
672 1066 833 1154 δήσαντες
849 1065 1006 1154 ἄγουσιν·

198 1165 242 1247 ὡς
258 1165 276 1236 ὁ
293 1170 406 1248 τυπεὶς
420 1167 562 1255 ἤσπαιρε
577 1165 728 1255 μίνυνθά
744 1189 817 1253 περ,
836 1163 910 1234 οὔτι
927 1163 1017 1252 μάλα
1031 1169 1098 1252 δην,

197 1265 288 1353 ὀφρα
306 1270 339 1336 οί
354 1271 392 1338 ἐκ
408 1266 506 1356 χροός
520 1272 614 1355 ἔγχος
631 1263 826 1334 ἀνεσπάσατ’
845 1266 993 1353 ἐγγύθεν
1010 1262 1112 1335 ἐλθόν

196 1364 286 1453 ήρως
302 1367 495 1454 Μηριόνης·
515 1365 577 1435 τὸν
594 1367 630 1435 δέ
646 1365 766 1444 σκότος
781 1363 861 1434 ὅσσε
877 1364 1037 1446 κάλυψεν.
1092 1377 1132 1433 575

236 1471 415 1552 Δηίπυρον
431 1464 463 1534 δ’
476 1463 610 1544 Ἕλενος
626 1467 713 1551 ξίφει
727 1465 847 1549 σχεδὸν
862 1461 966 1550 ήλασε
983 1463 1102 1550 κόρσην

198 1570 354 1654 Θρηικίην,
371 1565 514 1654 μεγάλω,
532 1561 598 1632 άπό
617 1562 654 1631 δέ
668 1561 876 1650 τρυφάλειαν
890 1560 1023 1650 ἄραξεν.

196 1659 217 1750 ή
235 1663 296 1749 μὲν
311 1660 582 1749 ἀποπλαγχθεῖσα
598 1662 697 1749 χαμαὶ
714 1665 803 1747 πέσε,
820 1665 880 1730 καί
893 1687 943 1740 τις
955 1657 1088 1747 Ἀχαιιδν

197 1766 418 1848 μαρναμένων
434 1761 514 1847 μετὰ
532 1763 632 1830 ποσσί
647 1763 891 1847 κυλινδομένην
906 1759 1091 1846 ἐκόμισσεν·

198 1857 257 1928 τόν
274 1861 309 1928 δὲ
325 1857 394 1927 κατ’
412 1857 599 1947 ὀφθαλμῶν
615 1857 771 1949 ἐρεβεννὴ
790 1859 852 1940 νύξ
869 1860 1044 1942 ἐκάλυψεν.
1089 1873 1131 1928 580
1182 1859 1183 1925 λ

238 1955 406 2046 Ἀτρείδην
423 1956 455 2028 δ’
475 1956 555 2045 ἄχος
570 1954 646 2041 εἷλε,
664 1955 749 2046 βοήν
763 1955 900 2045 ἀγαθόν
913 1963 1099 2028 Μενέλαον·

198 2064 240 2144 δή
259 2057 289 2125 δ’
308 2057 528 2145 ἐπαπειλήσας
539 2057 658 2148 Ἑλένφ
674 2056 762 2146 ήρωι
775 2056 905 2144 ἄνακτι,
1181 2069 1182 2147 λ

198 2154 257 2237 ὀξό
274 2156 359 2242 δόρυ
374 2158 546 2244 κραδάων·
570 2155 588 2227 ὁ
606 2157 643 2226 δὲ
658 2157 757 2238 τόξον
773 2165 884 2245 πῆχυν
900 2155 1050 2226 ἄνελκεν.

196 2252 242 2322 τά
260 2253 291 2322 δ’
309 2251 359 2339 ἄρ’
376 2253 567 2342 ὁμαρτήδην
584 2253 602 2324 ὁ
618 2255 680 2343 μὲν
695 2260 784 2342 ἐγχεί
798 2254 949 2336 ὀξυόεντι

196 2350 250 2419 ἵετ’
270 2351 470 2440 ἀκοντίσσαι,
488 2351 507 2423 ὅ
523 2351 556 2422 δ’
574 2351 639 2424 ἀπὸ
657 2360 824 2441 νευρῆφιν
841 2351 950 2444 ὀιστῷ.

202 2457 381 2540 Πριαμίδης
397 2457 459 2540 μὲν
474 2458 584 2522 ἔπειτα
599 2451 683 2522 κατά
700 2461 825 2540 στήθος
839 2452 945 2540 βάλεν
961 2457 1000 2542 ἐῷ

197 2549 352 2637 θάρηκος
366 2551 504 2639 γύαλον,
522 2550 587 2622 ἀπὸ
606 2551 637 2620 δ’
656 2558 774 2622 ἐπτατο
792 2550 910 2638 πικρὸς
927 2549 1043 2632 ὀϊστός.

198 2645 242 2728 ὥς
257 2647 288 2716 δ’
308 2649 359 2717 ὅτ’
377 2647 442 2718 ἀπό
461 2652 600 2732 πλατέος
615 2650 763 2736 πτυόφιν
780 2649 929 2738 μεγάλην
944 2647 1019 2720 κατ’
1036 2646 1132 2734 ἀλωήν

196 2746 397 2832 θρόσκωσιν
413 2748 534 2837 κύαμοι
550 2749 778 2837 μελανόχροες,
796 2745 820 2837 ή
836 2753 1017 2838 ἐρέβινθοι,

196 2853 296 2932 πνοιή
313 2845 379 2914 ἄπο
397 2857 517 2937 λιγυρῇ
532 2850 589 2917 καὶ
606 2855 806 2936 λαιμητήρος
822 2851 922 2938 ἐρωή,
1092 2861 1133 2917 59⁰
1177 2915 1178 2922 ,

198 2939 241 3021 ἀς
258 2941 321 3011 ἀπὸ
340 2948 496 3033 θώρηκος
510 2947 692 3016 Μενελάου
708 2953 903 3035 κυδαλίμοιο

196 3039 321 3109 πολλὰν
337 3039 582 3131 ἀποπλαγχθεὶς
598 3047 675 3127 ἑκάς
692 3053 812 3116 ἐπτατο
828 3047 949 3135 πικρὸς
967 3046 1082 3128 ὀϊστός

195 3133 355 3227 Ατρείδης
373 3141 445 3210 δ”’
423 3170 489 3230 αρα
502 3160 603 3233 χειρα,
622 3145 707 3234 βοήν
723 3144 852 3233 άγαθός
868 3153 1055 3235 Μενέλαος,
1176 3189 1177 3257 η

196 3233 257 3321 τὴν
273 3237 376 3323 βάλεν
404 3232 477 3328 ήρ’
494 3244 691 3328 ἐχετόξονέ
691 3246 807 3325 ἄξοον·
829 3245 962 3316 ἐνδ’”
938 3248 1176 3354 αρατόξμ

197 3327 334 3419 ἀντικρὺ
352 3338 406 3404 διά
422 3340 530 3426 χειρός
545 3341 681 3427 ἐλήλατο
698 3345 841 3429 χάλκεον
858 3351 962 3432 ἔγχος.
1091 3359 1130 3414 59¹

197 3421 243 3500 αδ
261 3428 292 3494 δ’
310 3431 484 3515 ἐτάρωνί
453 3460 499 3514 ες
517 3442 616 3517 ἔθνος
632 3439 758 3525 ἐχάζετο
788 3443 860 3528 κῆρ’
878 3441 1049 3531 ἀλεείνων,
1174 3509 1175 3534 3
