2438 3918
391 273 614 332 ΙΛΙΑΔΟΣ
636 274 722 331 xvfl.
971 266 1036 332 35³

72 437 173 502 ἵπποι
192 429 226 500 δ’
243 436 408 501 Λίακίδαο
424 431 531 521 μάχης
546 428 745 502 ἀπάνευθεν
762 430 872 510 έόνιες

72 539 205 620 κλαῖον,
223 526 335 618 ἐπειδή
351 537 469 618 πράτκ
486 533 669 618 πυδέσδην
683 527 831 619 ἡνιόχοιο

73 634 112 701 ἐν
129 637 263 721 ιιονίησι
278 629 439 710 πεσόντος
456 625 513 716 ὑφ’
524 627 682 718 Ἕκτορος
698 627 933 720 ἀνδροφόνοιο.

73 722 97 818 ή
113 727 185 816 μάν
201 726 418 816 Αὐτομέδων,
435 728 587 815 Διοόρεος
603 727 743 817 ἀλαιμος
757 729 841 814 νέὀς,

73 824 183 898 πολλά
201 830 264 915 μὲν
279 823 323 913 ἀρ
341 827 475 915 μάστιγι
491 834 559 917 θοή
577 832 748 916 ἐπεμαίετο
761 837 903 918 δείνων,
983 845 1037 900 430

73 924 184 997 πολλά
201 927 238 996 δὲ
255 933 441 1014 μειλιχίοισι
458 927 644 1016 προσηύδα,
663 929 769 998 πολλὰ
787 927 817 997 δ’
838 927 949 1020 ἀρειῇ·
1037 984 1047 1010 ,

73 1023 119 1095 τά
139 1023 171 1095 δ’
192 1023 261 1095 οὔτ’
278 1020 327 1107 ἀν
344 1027 396 1095 ἐπὶ
412 1033 496 1114 νῆας
513 1030 565 1096 ἐπὶ
581 1027 711 1097 πλατύν
722 1026 967 1117 Ἑλλήσποντον

73 1123 242 1214 ἠθελέτην
260 1130 345 1195 ίέναι
363 1123 430 1196 ούά
446 1131 480 1207 ές
496 1127 646 1215 πόλεμον
661 1125 729 1216 μετ’
744 1128 903 1216 Ἀχαιούς,

73 1225 144 1296 ἀλλ’
165 1225 251 1296 όίστε
268 1226 372 1315 στήλη
391 1230 482 1314 μένει
498 1233 652 1316 ἔμπεδον,
669 1227 719 1316 ἥτ’
737 1231 791 1299 ἐπὶ
806 1229 923 1319 τύμβῳ
1022 1267 1025 1275 s

72 1325 195 1412 ἀνέρος
214 1327 337 1415 ἑστήκη
352 1327 536 1415 τεθνηότος
551 1325 590 1415 ήέ
605 1325 776 1415 γυναικὸς,
985 1343 1037 1400 4³⁵

73 1421 119 1506 ἰός
138 1427 245 1513 μένον
261 1426 436 1512 ἀσφαλέως
452 1428 651 1514 περικαλλέα
662 1431 792 1513 δίφρον
805 1431 946 1514 ἔχοντες,

73 1523 172 1593 ούδει
187 1527 423 1612 ἐνισκίμψαντε
440 1525 606 1615 καρήατα·
626 1525 761 1610 δάκρυα
777 1527 818 1596 δέ
833 1547 915 1613 σφιν

72 1621 187 1712 θερμά
206 1625 290 1694 κατά
308 1626 489 1714 βλεφάρων
504 1625 644 1714 χαμάδις
662 1628 715 1714 ῥέε
732 1630 969 1714 μυρομένοισιν

73 1724 224 1812 ἡνιόχοιο
241 1723 357 1816 πόθῳ·
375 1723 503 1814 δαλερή
521 1725 556 1795 δέ
573 1731 720 1813 μιαίνετο
736 1733 828 1815 χαίτη

73 1823 214 1910 ζεύγλης
231 1827 428 1907 ἐξεριποῦσα
444 1823 534 1911 παρά
551 1823 653 1912 ζυγόν
669 1823 922 1914 ἀμφοτέρωθεν.
985 1840 1036 1894 410

75 1923 254 2010 μυρομένω
273 1920 303 1991 δ’
325 1922 391 2010 ἀρα
406 1924 492 2012 τάγε
512 1923 594 1994 ίδοδν
610 1928 722 2011 ἐλέησε
739 1931 905 2010 Κρονίων,

74 2021 216 2110 κινήσας
233 2023 269 2092 δὲ
286 2023 372 2112 κάρη
390 2026 487 2112 προτὶ
503 2021 544 2093 δν
561 2022 737 2112 μυθήσατο
752 2024 869 2111 θυμόν

114 2114 179 2210 „³21
196 2121 307 2210 δειλά,
323 2127 358 2190 τί
371 2131 463 2210 σφωε
479 2121 581 2210 δόμεν
597 2129 709 2210 Πηλήί
723 2120 841 2192 ἄνακτι

76 2229 203 2311 θνητῷ,
220 2219 314 2309 ὑμεῖς
331 2223 364 2290 δ’
380 2220 479 2292 ἐστόν
496 2221 609 2312 ἀγήρω
627 2219 652 2290 τ’
669 2218 832 2290 ἀθανάτω
847 2249 892 2290 τε.

77 2315 169 2409 ήίνα
185 2321 383 2410 δυστήνοισι
399 2320 465 2409 μετ’
485 2321 649 2410 ἀνδράσιν
660 2317 752 2407 ,ἄλγε’
772 2326 903 2407 ἐχητον;
983 2336 1035 2391 4λὸ

76 2419 116 2490 ού
131 2423 195 2510 μὲν
212 2422 279 2510 γάρ
296 2429 332 2491 τί
343 2423 413 2492 πού
430 2425 520 2490 ἐστιν
535 2419 755 2508 ὀιζυρότερον
773 2416 897 2507 ἀνδρὸς

76 2521 226 2609 πάντων,
245 2521 330 2592 ὅσσα
346 2549 383 2590 τε
400 2535 500 2608 γαῖαν
517 2525 572 2588 ἐπι
589 2524 694 2587 πνείει
710 2546 745 2587 τε
761 2521 816 2588 καὶ
831 2520 933 2606 ἕρπει.

75 2618 141 2690 ἀλλ’
163 2617 206 2689 ού
222 2619 291 2708 μάν
306 2619 391 2709 ὑμῖν
408 2647 445 2706 ηε
463 2621 519 2688 καὶ
534 2617 660 2706 ἀρμιισι
677 2620 900 2688 δαιδαλέοισιν

78 2730 193 2808 Εκτωρ
211 2727 399 2810 Πριαμίδης
416 2719 623 2806 ἐποχήσεται·
646 2716 688 2787 οὐ
702 2715 769 2806 γάρ
785 2718 881 2786 ἐάσω.

77 2813 95 2906 ή
112 2820 175 2906 ούχ
193 2818 269 2900 άλις
287 2815 332 2899 ὡς
348 2821 405 2887 καὶ
420 2815 524 2905 τεύχε’
541 2825 605 2904 ἔχει
623 2820 677 2886 καὶ
690 2816 862 2902 ἐπεύχεται
878 2815 1002 2898 αὕτωςς

74 2925 185 3006 σφῶϊν
204 2916 237 2986 δ’
256 2921 295 2986 ἐν
310 2917 472 3006 γούνεσσι
489 2925 583 3006 βαλῶ
599 2919 698 3004 μένος
713 2914 767 3005 ἠδ’
787 2918 837 2986 ἐνὶ
853 2923 964 3009 θυμῷ,
982 2932 1033 2986 451

73 3019 164 3108 ὄφρα
180 3019 238 3088 καὶ
256 3017 495 3106 Αὐτομέδοντα
512 3016 681 3088 σαώσετον
698 3019 735 3084 ἐκ
753 3020 908 3103 πολέμοιο

74 3127 155 3208 νῆας
172 3123 227 3186 ἐπι
243 3120 438 3206 γλαφυράς·
461 3124 507 3187 ἔτι
523 3117 588 3205 γάρ
606 3136 701 3204 σφισι
717 3119 818 3195 κῦδος
834 3113 947 3204 όρέξω,

72 3227 226 3308 κτείνειν,
248 3220 359 3288 εἰσόκε
377 3227 462 3307 νῆας
478 3221 681 3304 ἐϋσσέλμους
697 3214 882 3302 ἀφίκωνται

72 3320 136 3406 δύη
152 3319 180 3389 τ’
198 3318 310 3408 ήέλιος
327 3322 383 3389 καὶ
401 3319 454 3388 ἐπὶ
469 3323 598 3404 κνέφας
615 3313 708 3405 ίερδν
724 3321 842 3403 ἐλδηζ“
981 3329 1032 3382 τοῦ

110 3415 173 3499 Ὦς
189 3417 297 3488 είπιδν
314 3423 467 3488 ἵπποισιν
483 3421 682 3487 ἐνέπνευσεν
699 3419 798 3502 μένος
813 3409 869 3500 ήύ.

70 3543 113 3586 τω
131 3517 165 3585 δ’
184 3515 252 3586 ἀπδ
269 3518 418 3605 χαιτάων
434 3525 553 3606 κονίην
569 3509 715 3586 οὖδάσδε
732 3511 872 3602 βαλόντε

111 3615 226 3669 Homeri
242 3616 315 3674 Ilius.
802 3610 837 3664 λδ
