2406 3920
367 234 587 294 ΙΛῙΑΔΟΣ
610 236 672 291 XV.
934 227 996 292 303

41 391 138 479 κρατὶ
158 391 191 461 δ’
210 389 257 464 ἐπ’
279 399 409 486 ίφθίμςο
428 399 553 482 κυνέην
572 394 735 464 εύτυκτον
753 399 877 482 έθῃκευ
946 406 998 461 480

43 498 224 582 βππουριν,
245 493 358 563 δεινὸν
377 493 413 563 δέ
431 496 535 583 λόφος
554 495 774 580 καθύπερθεν
792 499 933 578 ἐνευενῆ·

43 599 148 664 εἵλετο
169 593 202 662 δ’
222 593 364 682 ἄλκιμον
383 599 487 684 ἐγχος,
508 593 694 683 ἀκαχμένον
713 592 780 675 ὀξέϊ
796 598 917 683 χαλκῷ,

44 701 84 782 βῆ
106 692 137 762 δ’
161 698 255 782 ίέναι,
273 695 363 782 μάλα
382 694 415 764 δ’
438 689 507 766 ἀκα
524 699 617 766 θέων
635 704 755 765 Λίαντι
774 697 926 781 παρέστη.

85 790 214 879 Ἕκτωρ
234 791 267 862 δ’
289 791 332 876 ὡς
351 794 439 865 εἶδεν
460 796 612 885 Τεύκρου
630 796 825 884 βλαφθέντα
844 793 995 878 βέλεμνα,

47 900 162 981 Τρωσί
173 920 208 962 τε
225 897 280 965 καὶ
295 901 471 967 Λυκίοισιν
488 900 636 966 ἐκέκλετο
665 895 795 984 μακρὸν
812 891 919 971 ἀΰσας
945 905 996 960 485

85 1001 225 1082 ,Τρῶες
241 998 296 1064 καί
312 997 432 1068 Λύκιοι
448 999 503 1066 καλ
517 996 690 1084 Δάρδανοι
705 993 929 1082 ἀγχιμαχηταὶ,

46 1091 161 1182 ἀνέρες
177 1099 259 1181 ἔστε,
279 1101 380 1183 φίλοι,
398 1096 573 1184 μνήσασθε
591 1095 626 1164 δὲ
643 1094 804 1180 θούριδος
820 1090 923 1178 ἀλκῆς

47 1200 127 1281 νῆας
143 1191 209 1263 ἀνά
226 1196 416 1283 γλαφυράς*
437 1193 477 1283 δή
496 1193 561 1283 γάρ
578 1200 653 1264 ίδον
668 1192 894 1280 ὀφθαλμοῖσιν

47 1290 169 1378 ἀνδρδς
186 1291 342 1382 ἀριστῆος
357 1295 489 1364 Διόθεν
505 1297 700 1382 βλαφθέντα
715 1297 866 1381 βέλεμνα.

48 1397 115 1480 ῥεῖα
133 1391 167 1462 δ’
183 1390 366 1482 ἀρίγνωτος
382 1392 465 1474 Διὸς
481 1392 622 1480 ἀνδράσι
638 1397 783 1478 γίγνεται
801 1387 896 1476 άλκῆ,
946 1403 997 1458 490

51 1493 128 1580 ῆμέν
145 1488 289 1562 ὁτέοισιν
305 1498 406 1574 κῦδος
420 1490 604 1578 ὑπέρτερον
620 1495 805 1579 ἐγγυαλίξῃ,

49 1592 99 1679 ἠδ’
117 1591 230 1672 ὅτινας
247 1593 377 1682 μινύθῃ
393 1619 428 1661 τε
445 1595 499 1662 καὶ
518 1591 580 1662 ούκ
598 1595 754 1683 ἐθέλῃσιν
770 1589 922 1680 ἀμύνειν,

51 1690 91 1772 ὡς
107 1699 172 1760 νῦν
192 1689 348 1779 Ἀργείων
365 1693 503 1780 μινύθει
520 1696 629 1782 μένος,
647 1694 729 1782 άμμι
747 1692 776 1764 δ’
798 1691 922 1783 ἀρήγει.

50 1790 127 1861 ἀλλά
146 1791 284 1879 μάχεσθ’
302 1794 354 1862 ἐπὶ
371 1795 491 1882 νῃυολν
509 1792 654 1874 ἀολλέες·
673 1791 710 1874 δς
725 1796 764 1863 δέ
779 1819 838 1862 κεν
855 1789 966 1879 ὑμέων

51 1893 209 1981 βλήμενος
226 1890 263 1981 ῆέ
282 1895 393 1974 τυπεὶς
409 1893 562 1962 θάνατον
579 1895 633 1962 καὶ
650 1893 777 1980 πότμου
794 1897 924 1980 ἐπίσπῃ,
947 1904 997 1959 495

51 1990 274 2062 τεθνάτω·ού
291 1997 324 2061 οδ
338 1992 445 2074 ἀεικές
463 1993 661 2083 ἀμυνομένῳ
679 1992 753 2080 περὶ
770 1991 896 2078 πάτρης

52 2091 228 2179 τεθνάμεν·
247 2088 314 2160 ἀλλ’
335 2091 455 2180 άλοχός
470 2119 505 2161 τε
524 2093 585 2180 σόῃ
606 2093 661 2160 καὶ
677 2095 791 2171 παῖδες
808 2087 948 2174 ὀπίσσω,

52 2194 102 2258 καὶ
119 2189 211 2271 οἶκος
227 2192 282 2260 καὶ
298 2199 421 2279 κλῆρος
437 2191 610 2281 ἀκήρατος,
629 2201 660 2261 εί
675 2217 734 2261 κεν
754 2189 872 2278 Ἀχαιοδ

54 2301 200 2378 οἴχωνται
218 2288 284 2360 σύν
301 2294 398 2380 νηυσὶ
417 2299 518 2380 φίλην
535 2296 567 2372 ἐς
583 2296 723 2379 πατρίδα
740 2296 871 2377 γαίαν.“

93 2386 152 2470 Ὦς
168 2389 274 2458 είπεδν
292 2389 419 2476 ἀτρυνε
435 2395 534 2478 μένος
550 2395 605 2460 καὶ
621 2389 737 2478 θυμὸν
754 2389 903 2460 ἑκάστου.
948 2406 999 2458 ⁵00

55 2499 130 2570 Αίας
147 2489 179 2558 δ’
199 2483 277 2560 αὖθ’
296 2494 460 2580 έτέρωθεν
476 2494 625 2561 ἐκέκλετο
643 2486 692 2572 οἷς
709 2492 874 2577 ἑτάροισιν

93 2587 236 2676 ,,Αίδάς,
255 2589 409 2677 Ἀργεῖοι·
427 2598 494 2659 νῦν
510 2590 630 2680 άρκιον
645 2586 667 2677 ῆ
673 2588 867 2659 ’ἀπολέσθαι

54 2686 89 2774 ήὲ
103 2695 276 2775 σαωθῆναι
292 2692 347 2758 καὶ
365 2688 564 2759 ἀπώσασθαι
581 2687 666 2759 κακά
684 2697 785 2777 νηῶν.

54 2780 74 2874 ή
90 2787 231 2876 ἔλπεσθ’,
248 2785 292 2877 ῆν
308 2797 390 2878 νῆας
406 2792 464 2880 ἕλῃ
481 2798 702 2877 κορυθαίολος
710 2789 848 2874 Ἕκτωρ,
884 2817 888 2824 ¹

55 2885 194 2977 ἐμβαδὸν
209 2892 339 2970 ἵξεσθαι
355 2886 399 2978 ῆν
415 2895 555 2977 πατρίδα
572 2905 670 2977 γαῖαν
687 2893 839 2970 ἐκαστοςς
949 2901 1001 2956 505

55 2979 74 3073 ἦ
91 2984 148 3056 ούκ
165 2985 368 3075 ὀτρύνοντος
384 2986 522 3059 ἀκούετε
540 2988 622 3060 λαὸν
643 2989 772 3057 ἅπαντα

53 3081 205 3175 Έκτορος,
224 3084 263 3166 ὃς
279 3086 319 3175 δή
338 3097 422 3176 νῆας
438 3093 611 3178 ἐνιπρῆσαι
630 3096 809 3175 μενεαίνει;

57 3184 96 3253 οὐ
110 3187 173 3274 μάν
190 3193 224 3268 ἐς
240 3213 279 3274 γε
295 3188 398 3275 χορὸν
414 3187 516 3260 κέλετ’
533 3191 684 3276 ἐλθέμεν,
703 3185 785 3256 ἀλλά
802 3187 973 3274 μάχεσθαι.

56 3282 128 3373 ἡμῖν
142 3285 173 3356 δ’
193 3284 284 3367 οὔτις
299 3294 398 3358 τοῦδε
416 3289 495 3369 νόος
510 3292 566 3358 καὶ
584 3296 678 3376 μῆτις
695 3283 850 3374 ἀμείνων,

58 3381 79 3473 ῆ
95 3384 282 3476 αὐτοσχεδίῃ
299 3395 388 3476 μῖξαι
404 3387 514 3478 χεῖράς
529 3415 564 3456 τε
580 3391 679 3475 μεύος
696 3413 740 3454 τε.
951 3399 1002 3449 οιο

58 3498 212 3582 βέλτερον,
230 3483 253 3576 ή
272 3485 458 3556 ἀπολέσθαι
475 3489 535 3556 ἕνα
552 3487 675 3574 χρόνον
691 3481 728 3571 ήὲ
744 3489 873 3569 βιῶναι,
