2442 3922
204 249 263 314 126
535 255 751 314 ΙΛΙΑΔΟΣ
777 258 818 315 H.

200 411 283 483 άλλά
300 414 385 483 ἑκων
400 424 526 501 μεθιεῖς
541 440 576 482 τε
592 417 648 483 καί
663 411 724 484 ούκ
741 417 880 496 ἐθέλεις·
898 415 934 486 τό
953 415 985 486 δ’
997 415 1147 505 έμδυκήρ

200 513 338 600 ἄχνυται
355 515 391 582 ἐν
407 522 518 604 θυμῷ,
537 512 590 582 ὅθ’
607 513 691 600 ὑπὲρ
709 519 812 585 σέθεν
828 514 925 604 αἴσχε’
943 516 1058 586 ἀκούω

199 610 283 701 πρὸς
300 613 436 706 Τράοιν,
455 621 488 682 οἳ
502 619 615 700 έχουσι
631 612 741 682 πολύν
756 616 863 684 πόνον
879 621 988 686 εἵνεκα
1005 629 1082 684 σεῖο.
1099 633 1146 686 525

199 710 267 781 ἀλλ’
279 721 387 799 λομεν·
400 709 440 781 τά
453 711 483 780 δ’
499 711 643 782 όπισθεν
653 711 863 803 ἀρεσσόμεθ’,
881 725 919 786 αδ
925 719 966 787 κέ
974 725 1058 786 ποθι
1068 714 1146 794 Ζεύς

198 811 269 900 διάη
284 815 510 897 ἐπουρανίοισι
526 822 619 894 θεοῖς
636 817 871 903 αἰειγενέτῃσιν

199 920 345 1001 κρητήρα
361 911 547 998 στήσασθαι
563 909 745 1000 ἐλεύθερον
761 916 798 981 ἐν
813 911 1017 1000 μεγάροισιν,

199 1014 233 1081 ἐκ
253 1017 371 1100 Τροίης
387 1010 568 1092 ἐλάσαντας
584 1012 784 1100 ἐϋκνήμιδας
796 1011 978 1098 Ἀχαιούς.“

526 1280 801 1292 m

377 1491 845 1582 ΙΛῙΑΛΟΣ
910 1499 965 1580 Η.

260 1747 471 1847 Ἕκτορος
503 1755 571 1824 καὶ
606 1756 791 1839 Αἴαντος
823 1752 1079 1845 μονομαχία.

309 1861 313 1868 ’
454 1871 629 1964 Νεκρῶν
661 1863 891 1965 ἀναίρεσις.

192 1996 265 2097 Ὣς
283 2013 386 2086 είπιδν
401 2018 535 2086 πυλέων
550 2017 704 2097 ἐξέσσυτο
721 2014 1020 2104 φαίδιμοςἝκτωρ,

198 2124 244 2208 τῷ
260 2115 292 2184 δ’
310 2114 369 2203 ἅμ’
382 2115 593 2199 Ἀλέξανδρος
609 2113 653 2184 κέ
672 2111 853 2202 άδελφεός·
870 2118 906 2184 ἐν
921 2115 953 2184 δ’
969 2115 1035 2202 ἄρα
1050 2118 1144 2202 &vm
1200 2079 1201 2092 2

196 2213 379 2303 ἀμφότεροι
393 2219 543 2304 μέμασαν
559 2219 743 2302 πολεμίξειν
757 2212 817 2302 ήδδ
832 2213 1003 2301 μάχεσθαι.

197 2311 241 2394 ύς
258 2314 294 2383 δδ
309 2312 390 2393 θεδς
404 2315 566 2403 ναύτῃσιν
575 2314 824 2399 ’ἐελδομένοισιν
840 2318 963 2380 ἔδωκεν

197 2406 312 2502 ούρον,
329 2416 402 2482 ἐπεί
415 2438 453 2481 κε
468 2413 617 2499 κάμωσιν
633 2416 785 2502 ἐϋξέστῃς
800 2411 954 2502 ἐλάτῃσιν
1129 2426 1142 2478 5

195 2510 322 2581 πόντου
338 2509 543 2606 ἐλαύνοντες,
560 2511 695 2603 καμάτςο
713 2510 749 2579 δ’
767 2508 833 2580 ύπδ
850 2524 929 2598 χυλα
947 2515 1110 2598 λέλυνται,
1198 2561 1199 2568 1

197 2608 239 2692 οδς
255 2611 321 2700 άρα
336 2609 382 2680 τοδ
403 2610 573 2696 Τρώεσσιν
589 2614 813 2700 ἐελδομένοισι
829 2611 990 2699 φανήτην.

226 2709 322 2780 Ἔνθ’
340 2713 452 2800 ἑλέτην
468 2711 486 2780 ὁ
504 2717 565 2800 μὲν
579 2709 657 2780 νίδν
671 2711 860 2800 Ἀρηιθόοιο
877 2710 1029 2796 ἄνακτος,

186 2812 292 2900 Ἀρνῃ
308 2811 502 2881 ναιετάοντα
518 2814 726 2899 Μενέσθιον,
744 2808 784 2880 δν
800 2810 985 2898 κορυνήτης

193 2909 313 2996 γείνατ’
328 2909 501 2999 Ἀρηΐθοος
516 2913 572 2980 καὶ
591 2915 831 2998 Φυλομέδουσα
847 2915 985 2996 βοῶπις·
1114 2922 1142 2973 10

185 3007 312 3096 Ἕκτωρ
328 3007 358 3077 δ’
374 3008 510 3096 Ἠσονῆα
527 3009 597 3097 βάλ’
617 3016 703 3097 ἔγχεε
718 3008 867 3090 ὀξυόεντι

194 3105 301 3195 αὐχέν’
320 3104 386 3175 ύπδ
406 3107 571 3195 στεφάνης
587 3105 761 3195 εὐχάλκου,
777 3114 859 3176 λῦσε
876 3107 911 3175 δὲ
926 3118 1014 3192 χυλα.

192 3214 344 3287 Γλαῦκος
361 3205 404 3294 δ’,
424 3204 627 3296 Ἱππολόχοιο
643 3208 735 3295 πάϊς,
753 3213 890 3278 Λυκίαν
906 3203 986 3293 άχδς
1002 3202 1139 3288 άνδρεῐν,
1195 3255 1196 3284 ,

189 3303 334 3393 Ἰφίνοον
349 3305 431 3394 βάλε
448 3309 543 3396 δουρί
557 3305 640 3376 κατά
656 3305 821 3396 κρατερήν
837 3304 981 3395 ὑσμίνην

192 3404 367 3494 Δεξιάδην,
385 3408 498 3476 ἵππων
514 3408 714 3496 ἐπιάλμενον
731 3406 891 3492 ὠκειάων,
1110 3417 1138 3470 15

193 3496 299 3592 ὦμον·
317 3501 335 3574 ὁ
354 3506 390 3572 δ’
408 3508 441 3586 ἐξ
456 3511 566 3577 ἵππων
583 3509 720 3595 χαμάδις
736 3513 825 3598 πέσε,
844 3507 946 3579 λύντο
964 3507 999 3576 δὲ
1017 3517 1101 3592 χυλα.

1188 3835 1193 3883 ί
