2406 3920
367 231 377 246 '
409 236 627 296 ΙΛΙΑΔΟΣ
647 238 719 296 xlv.
974 233 1036 298 283

77 419 155 470 ιονς
176 394 209 458 δ’
231 391 325 462 αὐτοὶ
344 401 500 482 βασιλῆες
518 395 690 484 ἐκόσμεον,
711 397 891 485 οὐτάμενοί
908 423 982 486 περ,

80 495 245 578 Τυδείδης
261 489 418 573 Ὀδυσεάς
435 518 470 561 τε
490 495 545 562 καλ
563 493 726 584 Ἀτρείδης
740 495 969 586 Ἀγαμέμνων·
982 513 1032 568 38⁰

77 589 246 677 οἰχόμενοι
266 587 298 658 δ’
319 593 371 661 ἐπὶ
389 593 515 672 πάντας
530 589 645 681 Ἀρῇια
660 594 761 682 τεύχε’
783 595 930 684 ἄμειβον.

73 687 182 758 ἐσθλά
202 691 265 778 μὲν
283 689 405 773 ἐσθλός
423 697 530 775 ἔδυνε,
550 693 650 780 χέρηα
670 693 707 762 δὲ
724 701 849 782 χείρονι
868 695 998 763 δόσκεν.

74 783 184 873 αὐτὰρ
204 792 279 857 ἐπεί
294 789 326 878 β’
347 789 485 860 ἕσσαντο
505 795 580 876 περὶ
598 798 675 879 χροῒ
690 795 829 880 νάροπα
847 792 981 880 χαλκόν,

72 887 140 972 βάν
155 885 191 976 β’
208 898 297 974 ίμεν·
317 883 395 977 ἦρχε
416 887 448 958 δ’
466 890 532 975 ἀρα
548 911 609 977 σφι
623 891 819 962 Ποσειδάων
834 896 1028 979 ἐνοσίχθων,

72 983 190 1054 δεινόν
209 987 271 1074 άορ
291 990 453 1078 τανύηκες
471 995 555 1077 έχων
573 994 611 1060 ἐν
628 995 712 1078 χειρί
729 999 856 1082 παχείῃ,
978 1007 1034 1062 383

72 1093 204 1156 είκελον
224 1084 407 1177 ἀστεροπῇ·
426 1097 472 1181 τῷ
492 1086 523 1158 δ’
545 1089 586 1158 οά
604 1095 700 1178 θέμις
718 1093 786 1161 ἐστὶ
804 1099 940 1179 μιγῆναι

71 1189 108 1254 έν
128 1191 189 1256 δαῒ
205 1189 379 1276 λευγαλέῃ,
399 1186 482 1258 ἀλλά
503 1193 576 1269 δέος
595 1189 721 1276 ίσχάνει
740 1189 872 1273 ἀνδρας.

115 1291 236 1366 Τρῶας
252 1284 285 1354 δ’
302 1279 379 1356 αὖθ’
397 1289 561 1374 ἑτέρωθεν
577 1290 708 1376 ἐκόσμει
727 1294 882 1376 φαίδιμος
889 1287 1026 1375 Ἕκτωρ.

73 1385 113 1472 δή
133 1388 179 1473 ῥα
197 1383 263 1454 τότ’
284 1388 463 1474 αἰνοτάτην
478 1394 571 1477 έριδα
586 1391 760 1476 πτολέμοιο
779 1391 951 1458 τάνυσσαν

71 1499 276 1571 κυανοχαῖτα
290 1488 488 1556 Ποσειδάων
502 1492 558 1558 καὶ
574 1491 729 1576 φαίδιμος
742 1487 882 1572 Ἕκτωρ,
975 1503 1026 1558 390

70 1584 142 1674 ῇτοι
160 1582 179 1654 ὁ
196 1587 259 1674 μέν
278 1587 461 1675 Τροίεσσιν,
477 1585 496 1657 ό
514 1586 547 1656 δ’
560 1586 757 1674 Ἀργείοισιν
770 1585 913 1674 ἀρήγων.

70 1686 221 1774 ἐκλάσθη
239 1689 274 1756 δὲ
290 1687 447 1756 θάλασσα
462 1690 536 1757 ποτὶ
552 1693 678 1768 κλισίας
693 1714 728 1756 τε
744 1692 820 1767 νέας
835 1712 870 1754 τε

75 1791 176 1873 Αργεί
175 1812 240 1855 ων·
262 1790 296 1856 οί
310 1786 502 1868 δὲξάνισαν
517 1788 649 1878 μεγάλω
664 1785 825 1877 ἀλαλητφ.

71 1884 149 1955 οὔτε
164 1887 341 1974 θαλάσσης
357 1894 448 1974 κῦμα
464 1887 568 1956 τόσον
582 1888 667 1976 βοάᾳ
683 1889 757 1955 ποτὶ
772 1889 901 1972 χέρσον,

69 1985 275 2056 ποντόθεν’
257 1987 449 2075 ορνόμενον
465 1995 565 2076 πνοιῇ
580 1989 693 2070 Βορέω
709 1983 877 2072 ἀλεγεινῇ
973 1997 1024 2050 395

69 2085 145 2156 οὔτε
161 2087 270 2176 πυρός
285 2089 405 2168 τόσσος
420 2114 458 2173 γε
474 2091 565 2157 πέλει
582 2085 706 2174 βρόμος
722 2085 913 2170 αίθομένοιο

66 2185 185 2272 οὔρεος
201 2191 238 2256 ἐν
255 2187 392 2276 βήσσῃς,
410 2186 465 2256 ὅτε
480 2185 505 2255 τ’
523 2185 626 2273 άρετο
643 2186 777 2270 καιέμεν
793 2180 893 2268 ὕλην·

68 2283 135 2356 οὔτ’
153 2286 277 2373 άνεμος
292 2287 417 2356 τόσσον
431 2312 469 2372 γε
486 2287 561 2354 ποτὶ
577 2287 696 2368 δρυσὶν
711 2279 925 2366 ὑψιμόμοισιν

66 2382 176 2473 ἠπύει,
194 2383 272 2454 ὅστε
289 2385 430 2471 μάλιστα
445 2386 528 2471 μέγα
545 2385 699 2471 βρέμεται
714 2384 932 2467 χαλεπαίνων,

69 2481 148 2570 ,Ἱσση
165 2481 232 2567 ἀρα
252 2483 381 2570 Τράων
396 2486 451 2552 καὶ
465 2481 604 2568 Ἀχαιῶν
621 2486 733 2548 έπλετο
750 2503 846 2563 φωνη
970 2490 1021 2544 400

68 2581 181 2652 δεινόν
198 2580 387 2669 ἀϋσάντων,
406 2579 452 2650 ὅτ’
470 2582 516 2649 ἐπ’
536 2579 728 2667 ἀλλήλοισιν
742 2575 898 2662 ὄρουσαν.

108 2691 255 2759 Αίαντος
273 2680 309 2748 δὲ
326 2689 456 2767 πρῶτος
472 2679 627 2750 ἀκόντισε
643 2681 797 2764 φαίδιμος
810 2673 937 2754 Ἕκτωρ

66 2786 160 2868 ἔγχει,
179 2779 249 2847 ἐπεὶ
265 2781 427 2864 τέτραπτο
445 2777 561 2863 πρὸς
544 2777 603 2847 όθά
620 2780 662 2862 οί,
686 2772 760 2842 οὐδ’
754 2770 980 2858 ἀφάμαρτεν,

66 2887 103 2968 τῇ
120 2882 163 2966 ῥα
179 2877 251 2946 δάω
267 2884 439 2964 τελαμῶνε
455 2877 530 2960 περὶ
546 2875 706 2962 στηθεσσι
721 2869 897 2954 τετάσθην,

65 2977 136 3065 ἤτοι
152 3006 170 3048 ο
158 2975 249 3064 μὲν
266 2975 399 3060 σάκεος,
416 3002 433 3044 ο
421 2972 488 3043 δὲ
505 2973 681 3058 φασγάνου
697 2965 924 3085 ἀργυρόηλον
970 2980 1018 3032 405

69 3076 109 3144 τά
126 3103 157 3144 οι
149 3065 411 3160 ’όνσάσθην’
374 3099 490 3155 τερενα
507 3072 599 3190 χρόα.
632 3069 761 3156 χάσατο
779 3063 809 3132 δ’
826 3062 964 3148 Ἕκτωρ,

66 3173 131 3242 όττι
151 3167 229 3262 όάο
231 3168 400 3260 λ’βέλος
375 3169 447 3239 ωκύ
464 3172 601 3239 έτάσιον
617 3173 740 3252 ἔκφυγε
757 3161 874 3250 χειρὸς,

66 3268 109 3352 ἀρ
125 3272 193 3340 δ”
176 3271 309 3357 ετάρων
325 3275 372 3349 είς
388 3275 490 3350 ἔθνος
505 3269 632 3354 ἐχάζετο
649 3263 730 3351 Κῆρ’
748 3260 914 3329 ἀλεείνων.

66 3368 119 3439 τόν
135 3370 198 3458 μέν
215 3365 313 3437 ἔπειτ’
333 3365 475 3436 ἀπιόντα
491 3371 592 3454 μέγας
611 3361 819 3448 Τελαμώνιος
834 3366 917 3435 Λίας

64 3475 238 3558 χερμαδίῳ,
256 3464 297 3534 τά
314 3469 358 3553 ῥα
375 3464 493 3554 πολλά,
510 3465 628 3534 θοάων
644 3469 764 3547 ἔχματα
781 3463 883 3542 νηῶν,
970 3471 1020 3522 ιιο
