2438 3918
424 231 646 290 ιΛιΑΔοΣ
672 233 746 292 xvl.
994 231 1058 300 333

97 387 219 476 χρίσόν
235 386 261 456 τ’
274 385 449 478 ἀμβροσίη,
461 391 537 477 περὶ
548 387 581 457 δ’
596 388 745 478 ἄμβροτα
756 397 870 479 εἵματα
881 395 995 462 ἕσσον·
1006 407 1059 464 670

96 492 206 575 πέμπε
225 494 263 557 δέ
278 517 337 577 μιν
352 503 534 576 πομποῖσιν
551 489 620 577 άμα
636 506 825 575 κραιπνοῖσι
842 495 1016 580 φέρεσθαι,

89 584 207 676 Ὗπνῳ
224 590 281 657 καὶ
297 589 438 676 Θανάτῳ
455 588 663 675 διδυμάοσιν,
681 594 715 656 οἵ
727 589 769 676 ῥά
786 616 844 674 μιν
862 583 932 658 ὦκα

95 683 248 772 δήσουδ
265 690 303 755 έν
318 695 446 774 Λυκίης
463 685 592 774 εὐρείης
610 697 702 756 πίονι
719 690 822 780 δήμῳ,

97 790 186 852 ἔνθα
203 787 221 853 έ
237 785 441 873 ταρχύσουσι
457 793 652 874 κασίγνητοί
665 811 701 855 τε
716 793 785 855 έται
800 814 836 854 τε

95 885 216 974 τύμβῳ
233 910 268 951 τε
287 885 392 974 στήλη
407 911 460 952 τε·
476 882 514 953 τό
526 883 590 971 γάρ
601 888 699 973 γέρας
709 888 1056 960 ε’στὶθανόντων.“675

139 981 205 1063 Ὦς
223 982 327 1072 ἔφατ’,
346 982 422 1052 οὐδ’
438 982 505 1071 άρα
529 983 652 1072 πατρὸς
674 984 922 1074 ἀνηκούστησεν
937 985 1054 1056 Ἀπόλ-

596 1094 676 1154 λων.

93 1191 138 1272 βῆ
155 1185 194 1253 δὲ
212 1182 283 1252 κατ’
297 1181 426 1253 Ἰδαίων
442 1181 549 1271 όρέυν
565 1189 599 1264 ές
615 1185 763 1270 φύλοπιν
780 1184 889 1274 αίυὴν,

93 1283 216 1352 αὐτίκα
235 1281 268 1350 δ’
289 1287 326 1352 ἐκ
343 1288 469 1370 βελέων
484 1283 690 1372 Σαρπηδόνα
707 1288 781 1352 δῖον
795 1281 918 1372 ἀείρας,

93 1381 225 1451 πολλὰν
242 1381 374 1471 ἀποπρό
394 1388 518 1470 φέρου,
535 1390 658 1451 λοῦσεν
676 1398 834 1470 ποταμοῖο
852 1387 970 1473 ῥοῇσιν

92 1485 209 1568 χρῖσέν
224 1481 252 1550 τ’
269 1479 447 1570 ἀμβροσίη,
458 1484 534 1570 περὶ
546 1480 578 1549 δ’
589 1481 738 1569 ἄμβροτα
750 1486 864 1568 εἵματα
877 1484 988 1551 ἕσσεν·
1000 1499 1053 1554 680

91 1585 201 1668 πέμπε
219 1585 257 1648 δέ
273 1606 333 1666 μιν
348 1594 531 1666 πομποῖσιν
547 1579 615 1666 ἅμα
631 1595 821 1665 κραιπνοῖσι
838 1585 1011 1670 φέρεσθαι,

84 1677 198 1770 Ὕπνῳ
215 1681 273 1750 καί
291 1679 432 1770 Θανάτῳ
453 1679 660 1768 διδυμάοσιν,
679 1684 713 1748 ολ
727 1680 770 1767 βά
786 1707 844 1769 μιν
860 1673 931 1749 άκα

92 1780 268 1848 κάτθεσαν
284 1783 322 1848 έν
338 1784 466 1866 Λυκίης
484 1778 612 1866 εὐρείης
627 1784 718 1847 πίονι
734 1777 837 1869 δήμῳ.

135 1878 333 1967 Πάτροκλος
351 1876 380 1945 δ’
399 1881 530 1946 ἵπποισι
546 1881 601 1946 καὶ
617 1877 844 1966 Αὐτομέδοντι
861 1881 1020 1961 κελεύσας

93 1986 212 2064 Τρῶας
227 1981 284 2047 καὶ
299 1985 449 2056 Λυκίους
464 1984 650 2064 μετεκίαθε,
667 1981 723 2046 καὶ
738 1980 807 2064 μέγ’
825 1976 938 2065 ἀάσθη
999 1995 1050 2051 685

14 2139 22 2156 ,
92 2077 226 2166 νήπιος·
245 2083 278 2147 εί
292 2078 329 2147 δὲ
347 2082 426 2156 ἔπος
441 2077 634 2165 Πηληϊάδαο
650 2077 808 2164 φύλαξεν,

12 2251 14 2258 ‚
90 2171 112 2265 ἦ
128 2175 153 2245 τ’
174 2173 219 2245 ἀν
236 2174 414 2262 ὑπέκφυγε
441 2183 528 2264 κῆρα
543 2174 653 2263 κακὴν
668 2179 809 2263 μέλανος
824 2176 996 2245 θανάτοιο.

89 2274 159 2345 ἀλλ’
179 2281 248 2344 αίεί
261 2301 298 2344 τε
314 2274 399 2354 Διὸς
415 2281 581 2359 κρείσσων
597 2273 677 2354 νόος
692 2271 793 2362 ἠέπερ
809 2273 960 2362 ἀνδρῶν·

90 2375 180 2461 [ὅστε
196 2377 253 2444 καὶ
271 2377 415 2460 ἄλκιμον
431 2373 540 2458 ἄνδρα
556 2381 658 2461 φοβεῖ
670 2379 725 2442 καί
741 2372 894 2460 ἀφείλετο
911 2380 1010 2462 νίκην

88 2477 235 2562 ῥηιδίως,
253 2472 309 2542 ὅτε
328 2469 358 2539 δ’
379 2469 480 2551 αὐτὸς
497 2472 698 2561 έποτράυησι
713 2473 903 2559 μάχεσθαι’]
997 2489 1048 2544 ⁶90

89 2571 127 2652 ὅς
144 2575 179 2640 οί
193 2575 251 2640 καί
267 2569 343 2639 τότε
361 2567 478 2656 θυμόν
494 2573 544 2638 ἐνὶ
560 2571 742 2658 στήθεσσιν
758 2570 891 2659 ἀνῆκεν.

120 2672 233 2741 Ἔνθα
249 2679 326 2741 τίνα
342 2675 488 2757 πρῶτον,
506 2676 581 2738 τίνα
598 2669 631 2737 δ’
648 2669 793 2739 ὕστατον
808 2670 1004 2758 ἐξενάριξας,

88 2772 307 2859 Πατρόκλεις,
327 2770 384 2838 ὅτε
404 2771 444 2856 δή
463 2789 501 2837 σε
515 2772 590 2839 θεοὶ
605 2769 795 2840 θάνατόνδε
811 2771 995 2851 κάλεσσανς

120 2873 312 2959 ’Ἁδρηστον
328 2871 392 2957 μέν
409 2877 524 2956 πρῶτα
540 2871 596 2937 καὶ
611 2866 788 2938 Αὐτόνοον
804 2868 1027 2956 καδἘχεκλον
1142 2865 1145 2872 ’

12 2991 13 2994 ’
87 2974 141 3041 καὶ
161 2973 316 3059 Πέριμον
338 2968 507 3056 Μεγάδην
529 2970 585 3036 καὶ
602 2966 775 3052 Ἐπίστορα
796 2971 851 3036 καὶ
870 2967 1048 3063 Μελάνιπ-

590 3090 656 3134 που

88 3171 193 3256 αὐτὰρ
211 3168 310 3240 ἔπειτ’
318 3167 467 3238 Ἔλασον
483 3167 539 3236 καί
554 3119 711 3235 Μοόλίον
726 3163 786 3254 ἠδὲ
801 3165 983 3253 Πυλάρτην
991 3081 1046 3206 ,⁶⁹⁵

87 3267 165 3351 τοὺς
182 3273 275 3340 ἕλεν·
294 3273 329 3340 οί
345 3267 377 3337 δ’
399 3267 496 3336 άλλοι
512 3267 643 3354 φόγαδε
660 3267 812 3353 μνιόοντο
830 3267 975 3344 ἕκαστος.

119 3369 229 3440 Ἔνθα
245 3395 309 3438 κεν
325 3365 498 3448 ὑψίπυλον
517 3372 641 3452 Τροίην
657 3369 736 3434 ἕλον
751 3359 822 3444 υἷες
839 3361 975 3449 ’Λγαιῶν

88 3469 287 3556 Πατρόκλου
303 3465 370 3536 ὑπό
389 3471 496 3552 χερσί·
514 3463 654 3549 περιπρὸ
671 3462 736 3548 γάρ
754 3469 843 3548 ἔγχει
855 3467 957 3528 θῦεν·
