2438 3918
190 208 254 278 ³78
540 209 761 269 ΙΛΙΑΔΟΣ
778 208 820 268 Σ.

191 379 304 445 οίκαδε
321 373 537 460 νοστήσαντα,
558 367 663 456 δόμον
673 370 825 458 Πηλήϊον
835 380 924 440 εἴσω.

190 471 281 560 ύφρα
298 477 336 541 δέ
350 499 407 560 μοι
423 471 496 553 ξύει
512 470 568 538 καὶ
584 466 648 557 δρᾷ
666 470 752 557 φάος
767 469 904 558 ἠελίοιο,

190 573 338 658 ἄχνυται,
356 569 438 639 ούδέ
451 575 486 638 τί
500 572 534 638 οί
547 567 693 654 δύναμαι
709 578 909 657 χραισμῆσαι
927 574 1037 638 ίούσα.

191 669 322 758 κούρην
339 665 384 757 ἢν
401 668 466 754 άρα
484 671 518 736 οί
531 669 630 753 γε’ρας
647 671 759 747 ἔξελον
775 663 846 748 υίες
860 667 1010 754 Ἀχαιῶν,

190 769 252 856 τὴν
269 765 316 848 ἄν
333 769 369 836 ἐκ
383 773 504 854 χειρῶν
520 765 610 834 ἐλετο
627 772 750 852 κρείων
763 765 990 854 Ἀγαμέμνων.
1102 779 1146 832 ελσ

189 866 263 953 ἤτοι
279 863 296 934 ὁ
313 871 370 952 τῆς
387 863 493 950 άχέων
510 863 634 951 φρένας
649 870 785 950 ἔφθιεν·
803 863 910 952 αύτάρ
931 860 1083 950 Ἀχαιοὺς

195 973 305 1048 Τρῶες
321 964 374 1032 ἐπὶ
389 964 580 1051 πρύμνησιν
597 966 731 1050 ἐείλεον,
748 962 827 1033 ούδδ
843 963 971 1052 θύραζε

191 1074 271 1134 εἴων
286 1065 414 1143 ἐξιέναι.
438 1060 498 1131 τὸν
515 1063 551 1132 δὲ
566 1067 721 1131 λίσσοντο
739 1066 894 1148 γέροντες

189 1163 354 1252 Ἀργείων,
372 1157 550 1230 καὶπολλὰ
568 1159 749 1245 περικλειτοὶ
768 1158 850 1248 δῶρ’
871 1157 1048 1248 ὀνόμαζον.

192 1262 262 1332 ἐνθ’
280 1259 380 1340 αύτὸς
396 1261 457 1348 μέν
474 1257 570 1330 ἔπειτ’
581 1257 736 1346 ἠναίνετο
754 1258 870 1346 λοιγόν
888 1258 1025 1346 άμύναι,
1102 1270 1147 1328 λιν

192 1359 298 1449 αύτάρ
315 1357 333 1430 ὁ
351 1361 549 1447 Πάτροκλον
565 1361 640 1447 περὶ
658 1359 720 1447 μέν
736 1358 777 1430 τά
794 1357 817 1428 ά
833 1360 951 1448 τεύχεα
967 1363 1078 1446 ἕσσεν,

192 1465 297 1548 πέμπε
310 1464 347 1528 δέ
357 1487 414 1547 μιν
431 1459 628 1547 πόλεμόνδε,
639 1457 750 1529 πολύν
762 1457 794 1528 δ’
805 1459 874 1547 ἅμα
891 1457 976 1529 λαὸν
993 1457 1147 1528 ὄπασσεν.

193 1567 260 1628 πάν
277 1556 308 1627 δ’
326 1551 416 1646 ἦμαρ
433 1559 602 1646 μάρναντο
621 1561 697 1646 περὶ
713 1567 860 1650 Σκαιῇσι
876 1559 1039 1648 πύλῃσιν·

192 1666 250 1728 καί
264 1656 309 1726 νύ
322 1683 384 1726 κεν
408 1655 559 1745 αὐτῆμαρ
576 1658 676 1728 πόλιν
692 1664 855 1748 ἔπραθον,
873 1665 904 1728 εί
920 1657 965 1747 μὴ
980 1656 1146 1728 Ἀπόλλων

192 1754 299 1825 πολλὰ
313 1754 398 1826 κακοὶ
416 1757 755 1844 ρἐανταΜενοιτίου
771 1758 915 1846 άλκιμον
931 1755 1009 1826 νίόν
1085 1769 1147 1826 ,455

192 1851 297 1923 ἔκταν’
318 1857 366 1924 ἐνί
383 1857 581 1944 προμάχοισι
596 1859 651 1926 καί
660 1856 792 1946 Ἕκτορι
807 1863 909 1939 κῦδος
924 1862 1059 1928 ἐδωκεν.

192 1953 334 2024 τούνεκα
354 1963 420 2024 νῦν
435 1954 475 2026 τὰ
493 1957 535 2026 σά
550 1955 692 2044 γούναθ’
710 1956 876 2046 ίκάνομαι,
894 1954 968 2028 αίιί
980 1958 1146 2045 ἐθέλησθα

194 2058 260 2123 νίεῑ
274 2056 342 2145 ἐμῷ
362 2051 526 2145 ὠκυμόρῳ
544 2055 647 2142 δόμεν
665 2053 787 2126 άσπίδα
802 2059 859 2127 καί
874 2057 1083 2144 τρυφάλειαν

194 2155 246 2223 καὶ
263 2151 368 2234 καλάς
383 2158 552 2242 κνημῖδας,
570 2157 781 2242 ἐπισφυρίοις
796 2155 969 2245 άραρνίας,

192 2257 248 2323 καλ
263 2251 404 2342 θώρηχ’·
422 2251 516 2340 ὃγάρ
528 2247 572 2342 ἦν
583 2259 625 2343 οἱ,
637 2253 789 2325 άπύλεσε
799 2257 914 2337 πιστὸς
924 2257 1053 2343 ἑταῖρος
1099 2269 1147 2325 460

196 2356 305 2441 Τρωσί
323 2361 447 2442 δαμείς·
461 2351 479 2424 ὁ
497 2353 533 2424 δέ
549 2368 652 2424 κεῖται
668 2356 721 2426 ἐπὶ
736 2359 835 2442 χθονί
854 2353 969 2442 θυμὸν
986 2353 1146 2441 άχεύων.“

237 2451 308 2541 Τὴν
325 2451 358 2522 δ’
375 2451 516 2542 ἠμείβετ’
536 2461 648 2524 ἔπειτα
664 2457 861 2542 περικλυτὸς
876 2455 1079 2544 άμφνγνήεις

193 2552 352 2640 ,,θάρσει·
371 2553 418 2642 μη’
433 2580 485 2622 τοι
503 2563 607 2624 ταῦτα
623 2554 705 2643 μετὰ
722 2557 821 2644 φρεσί
838 2565 915 2646 σῇσι
926 2556 1105 2644 μελόντων.

193 2657 229 2720 αἳ
244 2654 309 2742 γάρ
327 2682 384 2742 μιν
400 2655 562 2724 θανάτοιο
575 2659 734 2744 δυσηχέος
752 2648 817 2725 ύδε
832 2660 1011 2744 δυναίμηνι

192 2752 317 2840 νόσφιν
334 2753 538 2842 ἀποκρύψαι,
555 2753 611 2824 ὅτε
628 2782 687 2843 μιν
702 2755 805 2843 μόρος
821 2754 914 2836 αἰνός
928 2753 1051 2844 ίκάνοι,
1097 2768 1144 2824 465

193 2849 238 2931 ύς
256 2856 290 2921 oc
303 2855 420 2941 τεύχεα
436 2853 522 2924 καλά
540 2858 748 2944 παρέσσεται,
767 2851 822 2926 οέά
838 2883 887 2936 τις
902 2847 983 2924 αύτε

192 2949 386 3040 ἀνθρώπων
402 2959 533 3024 πολέων
548 2955 790 3043 θαυμάσσεται,
809 2954 847 3038 ὅς
863 2981 923 3025 κεν
940 2959 1082 3042 ἐδηται.“

228 3047 287 3133 Ὦς
303 3053 406 3122 είποδν
421 3052 484 3143 τὴν
499 3057 561 3143 μὲν
578 3062 674 3125 λίπεν
690 3055 806 3144 αύτού,
824 3062 866 3144 βῆ
885 3051 918 3124 δ’
934 3057 988 3126 ἐπὶ
1006 3055 1121 3143 φύσας,

192 3149 251 3230 τὰς
268 3149 300 3220 δ’
319 3156 352 3233 ἐς
368 3159 437 3240 πῦρ
454 3161 580 3245 ἔτρεφε,
598 3157 737 3226 κέλευσέ
751 3181 787 3224 τε
804 3153 1009 3241 ἐργάζεσθαι.

193 3256 299 3333 φῦσαι
316 3249 346 3318 δ’
366 3258 404 3320 ἐν
419 3255 590 3339 χοάνοισιν
606 3259 728 3342 ἐείκοσι
742 3263 845 3323 παῖσαι
860 3254 1008 3342 ἐφύσων,
1092 3265 1140 3324 «ἑλέ

194 3354 354 3436 παντοίην
371 3350 559 3440 εὔπρηστον
576 3352 706 3442 άύτμῆν
720 3356 905 3440 ἐξανιεῖσαι,

194 3439 311 3515 άλλοτε
327 3449 390 3532 μέν
406 3452 584 3521 σπεύδοντι
602 3457 817 3542 παρέμμεναι,
830 3452 947 3521 ἄλλοτε
963 3449 997 3520 δ’
1015 3443 1101 3536 αύτε,
