2492 3920
422 243 682 308 ΙΛΙΑΔΟΣΙ.
992 245 1030 309 15

75 410 109 476 έιι
124 403 157 475 δ’
175 403 278 486 εὐνάς
295 411 431 492 έβαλον,
449 403 532 474 κατά
548 405 584 474 δέ
600 401 783 492 πρυμνήσι’
800 409 937 493 έδησαν·
980 419 1032 478 4³⁶

74 508 109 574 έιι
123 506 160 574 δέ
177 508 235 574 καὶ
251 501 348 574 αὐτοὶ
363 510 482 592 βαίνον
497 505 549 574 έπλ
565 508 700 592 βηγμλνι
714 503 898 594 θαλάσσης,

74 609 107 673 έκ
123 602 156 671 δ’
176 602 367 691 ἑκατόμβην
383 609 490 698 βῆσαν
505 603 654 692 έκηβόλφ
670 601 865 674 Ἀπόλλωνι·

75 704 107 770 έκ
123 704 160 770 δέ
176 705 331 788 Χρυσηῒς
340 698 420 788 νηός
434 707 479 788 βη·
494 699 726 788 ποντοπόροιο.
978 716 1032 774 λον

75 800 132 887 τὴν
146 799 212 886 μέν
228 797 332 868 ἔπειτ’
348 799 401 868 έπὶ
415 797 532 886 βωμόν
552 799 646 884 ἀγων
660 801 842 888 πολύμητις
855 797 1032 882 Ὀδυσσεύς

75 903 170 988 πατρὶ
186 905 276 987 φίλφ
292 900 331 966 έν
345 900 436 984 χερσὶ
450 905 547 985 τίθει,
564 903 623 966 καί
635 923 692 984 μιν
708 900 904 986 προσέειπεν

132 989 196 1084 „³52
210 995 347 1084 Χρύση,
370 996 435 1082 πρό
451 993 486 1083 μ’
512 1001 658 1082 ἔπεμψεν
678 995 760 1078 ἀναξ
782 993 917 1084 ἀνδρῶν
934 995 1031 1084 Ἀγα-

532 1121 668 1181 μεμνιον

75 1194 174 1264 παῖδά
190 1220 226 1262 τε
244 1197 298 1262 σολ
314 1191 446 1282 ἀγέμεν,
465 1199 577 1285 Φοίβφ
594 1191 634 1262 δ’
651 1191 746 1282 ἱερὴν
761 1195 949 1284 ἑκατόμβην

74 1297 161 1381 βέξαι
178 1291 265 1382 ὑπὲρ
281 1301 440 1381 Δαναάν,
458 1291 539 1380 ὄφρ’
556 1292 763 1381 ἱλασόμεσθα
778 1293 914 1381 άναιιτα,

75 1389 108 1473 ός
121 1401 193 1462 νῦν
205 1389 380 1482 Ἀργείοισι
398 1393 588 1463 πολύστονα
604 1392 699 1481 κήδε’
716 1398 875 1482 έφῆκεν.“
981 1407 1033 1464 m

124 1488 188 1571 Ὦς
203 1489 309 1560 είπύν
324 1495 361 1562 έν
376 1496 468 1579 χερσλ
483 1499 581 1581 τίθει,
598 1489 617 1563 ό
634 1491 665 1563 δ’
684 1496 815 1576 έδέξατο
830 1499 955 1581 χαίρων

76 1594 175 1660 παίδα
191 1596 309 1677 φίλην·
325 1592 377 1661 τοί
393 1589 425 1660 δ’
442 1583 513 1662 ὐκα
529 1599 602 1681 θεῷ
616 1591 750 1680 κλειτὴν
766 1592 951 1681 ἑκατόμβην

77 1689 175 1776 ἑξείης
189 1693 331 1775 ἔστησαν
345 1690 511 1778 έύδμητον
527 1693 603 1776 περὶ
617 1689 744 1780 βωμόν,

76 1793 272 1876 χερνίψαντο
289 1785 319 1856 δ’
338 1793 448 1858 ἔπειτα
462 1793 519 1858 καλ
536 1787 716 1877 οὐλοχύτας
732 1787 898 1860 ἀνέλοντο.

77 1898 180 1954 τοῖσιν
196 1885 234 1954 δέ
244 1884 379 1974 Χρύσης
395 1886 513 1975 μεγάλ’
533 1886 646 1976 εὔχετο
662 1903 773 1977 χείρας
788 1887 942 1976 άνασχύν
979 1903 1032 1960 λσδ

134 1991 276 2072 ‚Ml
284 2012 360 2073 μεν,
377 1984 585 2076 ἅικνοότοέ,
602 1985 639 2068 δι
648 1991 789 2075 Χούσην
804 1986 1032 2076 ἀμφιβέβηκεν

76 2090 204 2153 Κίλλαν
220 2109 256 2153 τε
273 2086 398 2173 ζαθέην
417 2085 571 2156 Τενέδοιό
585 2113 621 2156 τε
638 2085 689 2173 έφι
705 2084 874 2164 ἀνάσσεις·

77 2180 157 2270 ἦμέν
173 2182 214 2270 δή
231 2180 298 2252 ποτ’
318 2186 399 2270 έμεῦ
414 2184 521 2270 πάρος
536 2190 650 2266 έκλνες
666 2181 869 2272 εὐξαμένοιο,

77 2289 210 2370 τίμησας
226 2282 287 2370 μέν
301 2282 375 2371 έμέ,
392 2287 476 2370 μέγα
492 2281 523 2352 δ’
543 2293 621 2366 ίψαο
637 2280 721 2354 λαόν
732 2281 885 2368 Ἀχαιῶν·

75 2379 126 2468 ἠδ’
146 2387 194 2451 ἔτι
208 2385 265 2453 καὶ
280 2390 348 2452 νύν
364 2410 422 2471 μοι
436 2381 506 2453 τόδ’
525 2383 728 2472 ἐπικρήηνον
743 2384 881 2464 έέλδωρ·
981 2393 1033 2448 466

76 2480 137 2569 ἤδη
154 2490 220 2551 νύν
235 2491 424 2552 Δαναοῖσιν
439 2483 551 2552 ἀεικέα
565 2479 680 2569 λοιγὸν
695 2481 859 2568 ἀμυνον.“

124 2577 185 2662 Ὦς
194 2579 291 2670 ἔφατ’
304 2579 492 2670 εὐχόμενος,
503 2590 565 2651 τού
575 2581 608 2651 δ’
619 2586 716 2650 έκλνε
723 2585 846 2666 Φοῖβος
854 2574 1031 2646 Ἀπόλλων.

79 2678 181 2769 αὐτάρ
197 2683 269 2751 έπεί
283 2680 316 2771 β’
336 2681 473 2764 εύξαντο
490 2684 546 2751 καὶ
561 2678 745 2767 οὐλοχύτας
760 2677 978 2766 προβάλοντο,

80 2775 245 2865 αὐέρυσαν
260 2781 324 2868 μέν
341 2788 456 2868 προῖκα
471 2782 528 2850 καὶ
542 2784 689 2866 ἔσφαξαν
705 2779 761 2848 καὶ
777 2782 917 2863 ἔδειραν,

79 2877 203 2965 μηρούς
217 2875 246 2947 τ’
265 2881 425 2966 ἐξέταμον
440 2879 524 2948 κατά
540 2903 575 2946 τε
591 2885 689 2966 κνίση
704 2876 875 2956 ἐκάλυψαν
978 2887 1031 2943 460

81 2981 216 3064 δίπτυχα
230 2978 441 3066 ποιήσαντες,
458 2977 511 3048 ἐπ’
530 2975 642 3047 αὐτῶν
657 2974 689 3043 δ’
708 2974 936 3062 ὠμοθέτησαν.

81 3089 150 3145 καλε
166 3075 196 3145 δ’
215 3079 268 3147 ἐπὶ
283 3083 391 3168 σχίζῃς
407 3075 424 3148 ὁ
440 3081 559 3168 γέρων,
576 3080 629 3147 ἐπὶ
644 3073 677 3145 δ’
694 3080 822 3144 αδδοπα
838 3070 930 3145 οἶνον

81 3184 184 3264 λείβε·
200 3182 271 3248 νέοι
287 3183 324 3246 δε
339 3175 412 3268 παρ’
430 3174 536 3248 αὐτόν
550 3182 625 3264 έχον
641 3173 841 3262 πεμπώβολα
856 3181 976 3258 χερσίν.

82 3272 183 3362 αὐτάρ
200 3277 271 3347 έπελ
285 3277 369 3346 τιατά
386 3275 466 3365 μῆρ’
484 3278 563 3365 έκάη
580 3277 636 3345 καὶ
651 3268 806 3359 σπλάγχν’
823 3269 999 3354 έπάσαντο,

83 3374 258 3460 μίστυλλόν
273 3371 303 3444 τ’
323 3373 389 3463 ἀρα
405 3375 508 3446 τάλλα
524 3378 580 3446 καὶ
594 3370 674 3462 ἀμφ’
690 3369 856 3460 όβελοίσιν
873 3376 1017 3459 ἔπειραν,

85 3471 236 3564 ὄπτησάν
250 3501 286 3546 τε
302 3479 540 3564 περιφραδέως,
559 3471 722 3564 έρύσαντό
738 3496 772 3540 τε
789 3467 905 3538 πάντα.
979 3480 1032 3538 4⁶⁶
