2406 3920
384 264 602 323 ΙΛΙΑΔΟΣ
624 267 694 322 Xlll.
954 264 1014 326 265

70 433 164 503 ξεῖνος
180 421 245 510 γάρ
265 427 299 494 οί
315 429 373 511 ἔην
389 405 523 493 πολέσιν
541 422 621 510 μετά
640 425 933 512 Παφλαγόνεσσιν
963 440 1014 496 661

70 531 121 590 τοῦ
135 521 192 609 ὅγε
209 523 376 610 χωόμενος
392 529 501 608 προΐει
516 522 665 612 χαλκήρε’
684 522 807 593 ὀιστόν.

67 612 103 704 ἦν
121 623 158 688 δέ
172 648 220 701 τις
237 620 411 709 Εὐχήνωρ,
429 628 617 691 Πολυείδου
634 621 769 709 μάντιος
785 622 868 709 νίδς,

67 715 198 804 ἀφνειός
212 717 237 787 τ’
256 719 385 806 άγαθός
401 749 446 807 τε,
465 721 658 806 Κορινθόθι
675 727 762 791 οἰκία
779 729 894 808 ναίων,

66 815 97 895 ός
113 815 140 905 δ’
157 810 197 885 εὖ
214 817 309 899 είδῶς
323 817 405 906 Κήρ
425 817 527 906 ὀλοὴν
544 823 597 889 ἐπὶ
611 818 691 907 νηός
707 825 849 908 ἔβαινεν.
958 836 1011 892 6δὸ

65 915 198 984 πολλάκι
213 917 278 1005 γάρ
296 921 331 985 ολ
346 924 431 986 ἔειπε
448 919 557 1004 γε’ρων
575 917 703 1004 άγαθδς
720 920 910 1008 Πολύειδος,

64 1015 169 1104 νοόσφ
188 1011 242 1084 ὑπ’
260 1013 406 1105 ἀργαλέη
423 1026 570 1102 φθίσθαι
586 1012 637 1097 οἷς
653 1019 689 1086 ἐν
707 1018 911 1106 μεγάροισιν,

64 1109 159 1200 ἢμεί
180 1113 320 1202 Ἀχαιῶν
337 1119 458 1204 νηυσὶν
477 1113 543 1184 όπδ
565 1115 714 1204 Τρῶεσσι
732 1120 889 1204 δαμῆναι·

64 1219 102 1300 τῷ
119 1211 146 1300 ῥ’
166 1213 234 1301 ἅμα
250 1213 274 1283 τ’
293 1213 459 1302 ἀργαλέην
475 1213 572 1301 θωὴν
588 1213 735 1283 α’λέεινεν
754 1212 891 1301 Ἀχαιῶν

64 1313 183 1380 νοῦσόν
200 1340 236 1381 τε
253 1313 430 1403 στυγερὴν,
448 1319 503 1382 ίνα
521 1314 565 1402 μη
585 1314 690 1382 πάθοι
706 1312 807 1399 άλγεα
827 1323 936 1405 θυμῷ.
958 1330 1010 1388 670

66 1410 115 1476 τόν
130 1410 202 1497 βάλ’
223 1408 289 1479 ὑπὸ
308 1423 475 1500 γναθμοῖο
492 1415 545 1482 καί
565 1412 699 1492 οὔατος·
718 1404 787 1482 ῶκα
806 1414 841 1483 δὲ
854 1412 966 1500 θυμός

63 1505 143 1597 ᾤχετ’
160 1506 226 1577 άπδ
245 1517 383 1599 μελέων,
401 1511 560 1598 στνγερδς
578 1511 610 1580 δ’
628 1511 693 1596 ἄρα
710 1539 768 1598 μιν
785 1513 903 1593 σκότος
914 1507 999 1581 είλεν

96 1604 156 1687 Ὣς
173 1611 208 1676 οί
221 1607 282 1695 μὲν
299 1611 468 1698 μάρναντο
487 1616 585 1698 δέμας
601 1608 708 1696 πνρδς
720 1614 928 1698 αἰθομένοιο·

57 1704 172 1795 Ἕκτωρ
191 1707 225 1776 δ’
244 1707 307 1778 οόκ
325 1713 488 1780 ἔπέπνστο
505 1711 562 1780 Διὶ
580 1717 686 1797 φίλος,
705 1707 786 1794 οόδί
801 1737 831 1778 τι
848 1710 912 1800 ᾔδη

62 1805 123 1874 ὄττι
141 1807 185 1895 ῥά
202 1811 236 1875 οί
252 1815 345 1895 νηῶν
362 1806 409 1878 ἐπ’
428 1805 584 1897 ἀριστερά
600 1809 759 1896 δηϊόωντο
957 1824 1008 1880 675

61 1909 126 1975 λαολ
142 1903 197 1974 ὑπ’
220 1905 391 1994 Ἀργείων·
406 1909 488 1996 τάχα
508 1909 538 1976 δ’
559 1904 603 1976 δν
619 1911 673 1976 καὶ
691 1913 793 1986 κῦδος
814 1905 950 1993 Ἀχαιῶν

61 2013 182 2074 ἔπλετο·
200 2019 289 2088 τοῖος
305 2005 370 2095 γάρ
390 2009 543 2095 γαιήοχος
559 2009 765 2092 ἐννοσίγαιος

61 2103 171 2194 ὤτρυν’
193 2105 372 2195 Ἀργείους,
390 2105 474 2195 πρδς
492 2107 528 2175 δὲ
546 2105 661 2174 σθένει
678 2101 778 2184 αὐτὸς
796 2102 936 2190 άμυνεν·

59 2203 119 2274 ἀλλ’
139 2213 213 2294 ἔχεν
232 2199 313 2296 ᾖτά
330 2215 445 2291 πρῶτα
463 2207 570 2284 πόλας
586 2207 640 2272 καλ
659 2217 761 2294 τεῖχος
780 2205 907 2288 ἐσᾶλτο,

60 2304 235 2391 ῥηξάμενος
252 2312 399 2373 Δαναῶν
417 2301 559 2382 πνκινδς
578 2310 686 2388 στίχας
703 2299 905 2388 άσπιστάων,
955 2315 1006 2370 68ί

59 2401 124 2471 ἔνθ’
141 2409 222 2473 ἔσαν
239 2405 384 2484 Αλάντός
400 2431 434 2472 τε
450 2404 521 2482 νέες
538 2404 592 2470 καὶ
610 2398 846 2487 Πρωτεσιλάου

59 2499 118 2569 θῖν’
138 2500 189 2589 ἔφ’
207 2499 287 2582 ἁλός
306 2510 422 2590 πολιῆς
440 2502 622 2587 είρνμίναι·
639 2495 743 2584 αὐτάρ
762 2495 911 2582 ὕπερθεν

58 2614 156 2687 τεῖχος
171 2605 328 2689 ἐδέδμητο
345 2600 619 2688 χθαμαλεότατον,
639 2603 722 2666 ἔνθα
740 2594 878 2682 μάλιστα

58 2704 199 2789 ζαχρηεῖς
213 2709 369 2790 γίγνοντο
388 2702 475 2789 μάχη
493 2697 590 2767 αὐτοί
602 2723 637 2766 τε
653 2698 708 2764 καὶ
724 2700 828 2764 ίπποι.

94 2799 202 2870 Ἔνθα
221 2803 257 2871 δὲ
274 2801 414 2872 Βοιωτοὶ
431 2802 484 2868 καὶ
501 2796 622 2876 Ἰάονες
638 2796 852 2881 ἑλκεχίτωνες,
954 2805 1005 2862 ⁶85

57 2902 174 2986 Λοκροί
193 2901 249 2968 καλ
267 2907 370 2968 Φθῖοι
390 2899 446 2966 καὶ
464 2896 692 2982 φαιδιμόεντες
707 2890 834 2976 Ἐπειοὶ,

57 3002 182 3086 σπονδῇ
200 3001 402 3067 ἐπαΐσσοντα
419 3005 506 3065 νεῶν
525 3001 610 3082 ἔχον,
629 2991 702 3062 οὐδ’
723 2991 883 3060 ἐδύναντο

57 3086 135 3162 ῶσαι
150 3093 216 3166 dud
235 3103 363 3182 σφείων
380 3097 479 3183 φλογί
499 3102 627 3163 είκελον
635 3091 777 3177 Ἕκτορα
795 3093 881 3158 δῖον·

56 3197 88 3260 οί
102 3194 159 3280 μὲν
178 3192 367 3283 Ἀθηναίων
384 3196 655 3282 προλελεγμένοι·
675 3196 711 3259 ἐν
730 3187 760 3258 δ’
779 3189 841 3275 άρα
860 3199 964 3255 τοῖσιν

56 3284 120 3379 ἦρχ’
136 3294 209 3376 υίὸς
226 3303 360 3364 Πετεῶο
380 3290 592 3378 Μενεσθεὺς,
611 3294 645 3360 οί
659 3289 689 3360 δ’
710 3287 763 3376 ἅμ’
781 3290 898 3354 ἕποντο
953 3295 1005 3353 690

56 3397 169 3474 Φείδας
185 3421 221 3462 τε
237 3399 372 3480 Στιχίος
387 3420 422 3461 τε
439 3399 519 3470 Βίας
536 3387 560 3458 τ’
579 3392 650 3469 ἔῦς·
672 3385 776 3471 αὐτάρ
792 3382 927 3453 Ἐπειῶν

58 3499 214 3582 Φυλείδης
231 3521 266 3561 τε
284 3493 402 3578 Μέγης
419 3490 567 3578 Ἀμφίων
583 3515 618 3555 τε
634 3489 780 3568 Δρακίος
796 3507 841 3566 τε,
