2438 3918
217 251 280 316 ³98
551 252 772 314 ΙΛΙΑΛΟΣ
802 251 838 311 Y.

259 411 388 502 ,,Τίπτ’
410 406 498 502 αὖτ’,
525 412 764 502 ἀργικέραυνε,
793 410 898 492 θεούς
920 411 1088 502 ἀγορήνδε
1108 414 1164 484 κά-

710 519 846 594 λεσσαςς

216 603 238 702 ή
254 641 286 684 τι
302 619 378 701 περὶ
395 623 524 700 Τρωων
539 617 595 683 καὶ
610 611 748 699 Ἀχαιῶν
763 616 987 700 μερμηρίζειςς

218 721 284 782 τοῖν
298 711 364 801 γάρ
380 721 447 782 νῦν
464 712 602 800 ἄγχιστα
616 711 704 800 μάχη
721 709 866 797 πόλεμός
882 737 917 778 τε
934 713 1087 800 δέδηεν.“

259 809 330 882 Τόν
345 811 377 881 δ’
389 810 654 900 ἀπαμειβόμενος
665 814 817 897 προσέφη
835 813 1076 898 νεφεληγερέτα
1087 813 1165 894 Ζεύς

215 917 354 999 ,,έγνως,
372 914 568 998 ένυοσίγαιε,
586 907 670 998 έμήν
687 912 725 979 έν
742 909 883 997 στήθεσι
899 911 1040 1002 βουλήν,
1134 930 1164 982 20

216 1004 266 1080 όν
283 1013 381 1081 ἕνεκα
397 1011 589 1099 ξυνάγειρα·
613 1013 753 1098 μέλουσί
766 1036 823 1097 μοι
839 1008 1022 1098 ὀλλύμενοί
1035 1037 1108 1098 περ.

214 1108 284 1180 ἀλλ’
300 1108 374 1198 ήτοι
390 1109 452 1198 μέν
469 1109 534 1197 lya}
552 1112 660 1197 μενέω
676 1111 774 1196 πτυχὶ
792 1107 990 1198 Οὐλύμποιο

215 1209 347 1298 ήμενος,
365 1209 436 1280 ἕνθ’
454 1207 565 1299 ὁρόων
582 1213 691 1297 φρένα
706 1210 882 1297 τέρψομαι·
901 1213 939 1278 οἱ
950 1212 987 1280 δὲ
1004 1209 1047 1298 δή
1064 1211 1156 1280 ἄλλοι

214 1307 341 1400 ἔρχεσθ’
371 1308 447 1397 ὄφρ’
464 1305 509 1378 ἀν
524 1313 645 1397 ἵκησθε
662 1307 744 1396 μετά
764 1315 882 1397 Τρῶας
897 1311 952 1379 καὶ
967 1307 1125 1398 Ἀχαιούς,

213 1407 430 1498 ἀμφοτέρωθι
446 1406 478 1478 δ’
495 1405 645 1497 ἀρήγεθ’,
664 1405 730 1495 ὅπη
748 1408 827 1488 νόος
845 1409 934 1478 ἐστὶν
951 1407 1102 1477 έκάστου,
1133 1427 1164 1478 λὸ

213 1515 244 1578 εί
259 1507 325 1596 γάρ
340 1504 503 1596 Ἀχιλλεύς
521 1506 591 1587 οἷος
607 1510 660 1576 ε’πλ
680 1506 830 1592 Τρύεσσι
846 1520 1004 1595 μαχεῖται,

173 1681 178 1694 ,
214 1605 293 1680 ούδὲ
309 1605 445 1695 μίνυνθ’
463 1609 574 1688 ἕξουσι
590 1607 745 1676 ποδύκεα
761 1612 946 1696 Πηλείωνα.

213 1708 269 1774 καὶ
285 1707 324 1774 δέ
336 1709 374 1773 τέ
386 1732 446 1793 μιν
463 1708 518 1774 καὶ
534 1705 689 1792 πρόσθεν
705 1703 975 1794 ὑποτρομέεσκον
991 1703 1145 1796 ὁρῶντες·

213 1809 279 1873 νῦν
296 1801 341 1890 δ’,
359 1799 415 1871 ὅτε
432 1801 546 1890 δήκαὶ
562 1801 679 1892 θυμόν
695 1806 828 1892 ἑταίρου
844 1805 964 1892 χύεται
981 1810 1093 1894 αἰνῶς,
1208 1805 1210 1812 ⁴

212 1907 312 1973 δείδω
327 1901 372 1991 μή
389 1903 446 1972 καλ
462 1916 566 1990 τεῖχος
583 1901 667 1990 ὑπὲρ
685 1903 793 1992 μόρον
809 1905 1032 1994 έξαλαπάξη.“
1131 1921 1163 1974 30
1209 1921 1210 1943 ἢ

256 1999 317 2083 Ὦς
332 2007 434 2090 ἔφατο
444 2006 623 2090 Κρονίδης,
640 2003 789 2090 πόλεμον
806 2001 839 2072 δ’
857 2001 1017 2074 ἀλίαστον
1032 2009 1160 2092 ἔγειρεν.
1208 2059 1209 2067 ,

211 2100 277 2191 βάν
293 2098 326 2170 δ’
345 2111 456 2188 ίμεναι
471 2100 657 2189 πόλεμόνδε
672 2104 759 2189 θεολ,
779 2107 851 2190 δίχα
867 2101 985 2192 θυμὸν
1002 2109 1140 2191 ἔχοντες·
1207 2143 1208 2148 1

202 2199 289 2287 Ἥρη
305 2199 368 2287 μὲν
382 2197 450 2287 μετ’
466 2198 582 2286 ἀγῶνα
598 2207 687 2270 νειόυ
703 2203 760 2272 καὶ
775 2200 912 2295 Παλλάς
924 2201 1051 2292 Ἀθήνη

209 2299 269 2388 ήδδ
285 2298 482 2368 Ποσειδάων
497 2299 652 2387 γαιήοχος
668 2298 725 2388 ἠδ’
742 2302 899 2391 ἐριούνης

206 2397 362 2488 Ἑρμείας,
378 2393 415 2478 ὃς
431 2399 485 2468 ἐπὶ
500 2401 598 2485 φρεσὶ
614 2406 834 2490 πευκαλίμησι
849 2404 1023 2471 κέκασται·
1129 2419 1159 2472 3⁵

202 2498 385 2586 Ἥφαιστος
400 2497 431 2566 δ’
450 2497 519 2586 ἅμα
532 2512 617 2568 τοῖσι
633 2505 685 2568 κίε
701 2504 818 2570 σθένει
832 2508 1051 2590 βλεμεαίνων,
1079 2499 1081 2503 ’
1204 2501 1205 2555 λ

210 2599 375 2687 χωλεύων,
389 2597 458 2668 ἀπὸ
475 2600 512 2668 δὲ
526 2606 651 2687 κνῆμαι
670 2599 798 2688 ρύοντο
817 2599 938 2686 ἀραιαί.
1202 2579 1204 2682 ή

209 2702 243 2779 ές
259 2703 295 2768 δὲ
314 2696 539 2786 ΤρῶαςἍρης
553 2704 789 2787 κορυθαίολος,
806 2696 913 2784 αύτάρ
932 2697 987 2786 ἀμ’
1006 2698 1092 2789 αὐτῷ

211 2804 333 2887 Φοῖβος
348 2795 572 2885 ἀκερσεκόμης
589 2795 644 2885 ἠδ’
657 2797 809 2886 Ἀρτεμις
825 2800 973 2885 ἰοχέαιρα

209 2897 308 2984 Λητό
326 2923 361 2964 τε
376 2895 512 2977 ,Ξάνθος
527 2921 563 2964 τε
578 2893 835 2984 φιλομμειδήςύ
851 2894 1041 2984 Ἀφροδίτη.
1124 2909 1156 2962 40

250 2999 339 3074 Εἲως
351 2995 414 3082 μέν
429 2993 461 3082 ῥ’
479 2993 654 3065 ἀπάνευθε
674 2997 751 3066 θεοὶ
766 3002 906 3082 θνητόν
920 3001 1003 3064 ἔσαν
1019 2992 1153 3080 ἀνδρῶν,

208 3093 317 3182 τόφρα
334 3092 365 3162 δ’
380 3091 501 3180 Ἀχαιοὶ
516 3096 578 3182 μὲν
592 3099 676 3184 μέγα
692 3096 853 3182 κύδανον,
877 3093 987 3172 οὕνεκ’
1003 3090 1153 3183 Ἀχιλλεύς

207 3192 361 3282 έξεφάνη,
380 3191 486 3280 δηρόν
502 3195 539 3263 δέ
555 3194 659 3284 μάχης
672 3191 826 3264 ἐπέπαυτ’
844 3192 1033 3282 ἀλεγεινῆς·

210 3299 327 3375 Τρῶας
343 3291 379 3360 δὲ
394 3291 517 3379 τρόμος
533 3292 627 3374 αἰνός
642 3292 800 3383 ὑπήλυθε
815 3308 894 3382 γυῖα
911 3297 1064 3382 ἕκαστον,

209 3391 380 3475 δειδιότας,
397 3386 449 3458 ὅθ’
468 3389 597 3477 ὁρῶντο
613 3393 768 3462 ποδόκεα
782 3399 961 3482 Πηλείωνα
1119 3404 1149 3460 4⁶

210 3484 336 3569 τεύχεσι
353 3486 579 3579 λαμπόμενον,
595 3498 798 3582 βροτολοιγῷ
814 3491 889 3562 ἶσον
903 3492 1010 3581 Ἀρητ.
