2438 3918
407 242 628 303 ΙΛΙΑΔΟΣ
649 247 747 306 XVIII.
993 250 1056 315 379

88 393 208 478 ὅππως
216 394 401 485 Ἥφαιστός
417 397 441 468 τ’
462 403 573 470 ἐθέλοι
589 404 645 472 καὶ
661 409 762 493 έργον
778 405 892 476 ἀνοιτο

87 495 218 582 χαλκδυ
235 494 268 566 δ’
287 501 325 567 ἐν
341 500 422 585 πυρὶ
438 499 562 588 βάλλεν
579 501 710 591 ἀτειρέα
727 507 924 592 κασσίτερόν
941 535 977 578 τε

86 595 145 663 καὶ
161 592 290 682 χρυσὸν
306 601 446 685 τιμῆντα
462 601 518 668 καί
534 599 701 688 ἀργυρον·
721 602 827 692 αύτάρ
845 611 955 676 ἔπειτα
1002 623 1055 681 475

86 701 200 782 θῆκεν
218 699 256 765 έν
271 695 449 789 ἀκμοθέτφ
466 705 571 786 μέγαν
587 701 729 790 ἀκμουα,
746 707 842 790 γέντο
862 705 898 774 δέ
912 710 997 792 χειρί

85 796 252 884 ῥαιστῆρα
268 795 444 886 κρατερήν,
463 801 596 887 ἑτέρηφι
613 801 650 870 δέ
666 805 764 888 γέντο
780 803 967 892 πυράγρην.

127 899 224 962 Ποίει
241 893 277 964 δέ
293 894 463 982 πράτιστα
481 898 584 978 σάκος
600 902 684 987 μέγα
700 927 736 970 τε
752 903 911 990 στιβαρόν
926 931 963 974 τε

85 991 236 1062 πάντοσε
253 992 450 1083 δαιδάλλων,
463 999 538 1082 περὶ
555 995 588 1065 δ’
608 999 736 1086 ἀυτνγα
751 1000 852 1088 βάλλε
870 1027 1024 1092 φαεινήν,

84 1096 254 1176 τρίπλακα
281 1100 486 1182 μαρμαρέην,
506 1099 543 1166 ἐκ
555 1095 587 1165 δ’
599 1096 768 1184 ἀργύρεον
784 1108 967 1187 τελαμῶνα.
1000 1117 1054 1174 480

84 1192 187 1259 πέντε
199 1189 230 1260 δ’
244 1190 295 1278 ἀρ’
308 1191 413 1262 αὐτοῦ
426 1199 506 1263 ἐστιν
517 1196 636 1277 σάκεος
646 1198 782 1285 πτύχες·
794 1196 900 1285 ιιύτάρ
911 1203 949 1268 ἐν
960 1199 1052 1290 αύτῷ

84 1297 176 1358 ποίει
193 1294 333 1360 δαίδαλα
348 1293 455 1362 πολλά
473 1299 598 1384 ίδυίησι
616 1301 846 1382 πραπίδεσσιν.

125 1387 183 1458 Ἐν
194 1391 256 1478 μέν
266 1407 366 1478 γαῖαν
376 1385 487 1482 ἔτευξ’,
500 1398 537 1464 ἐν
548 1394 579 1464 δ’
593 1395 754 1484 ούρανόυ,
766 1400 804 1465 έν
816 1398 852 1467 δέ
862 1399 1051 1488 θάλασσαν,

84 1487 203 1576 ήέλιάυ
218 1487 243 1558 τ’
261 1489 435 1579 ἀκάμαντα
446 1496 591 1583 σελήνην
600 1522 636 1564 τε
647 1498 859 1585 πλήθουσαν,

84 1593 123 1656 ἐν
133 1589 170 1657 δέ
180 1589 221 1656 τά
231 1594 340 1676 τείρεα
351 1591 470 1681 πάντα,
488 1593 555 1662 τάπ’
568 1591 713 1684 ούρανδς
730 1596 966 1682 ἐστεφάνωται,
998 1609 1051 1665 485

87 1689 259 1775 Πληϊάδας
274 1687 306 1758 θ’
324 1688 449 1772 Ὑάδας
464 1719 510 1780 τε,
528 1692 568 1762 τά
583 1720 619 1762 τε
635 1699 758 1776 σθένος
771 1693 930 1783 Ὠρίωνος

77 1786 222 1871 ’Ἄρκτον
238 1785 284 1874 θ’,
301 1784 345 1876 ἣν
360 1793 416 1860 καὶ
433 1791 563 1878 ἄμαξαν
579 1798 752 1882 ἐπίκλησιν
767 1799 956 1881 καλέουσιν,

82 1886 131 1975 ἥτ’
150 1885 258 1956 αὐτοῦ
276 1893 451 1976 στρέφεται
466 1899 525 1960 καί
540 1891 566 1960 τ’
582 1890 726 1981 Ὠρίωνα
743 1894 885 1981 δοκεύει,

83 1997 138 2074 οίη
156 1985 188 2054 δ’
209 1988 360 2076 ἀμμορός
376 1993 445 2060 ἐστι
460 1999 606 2080 λοετρῶν
619 1991 797 2062 Ὠκεανοῖο.

121 2085 179 2155 Ἐν
191 2088 228 2158 δέ
239 2088 310 2156 δύω
322 2096 439 2177 ποίησε
449 2091 561 2171 πόλεις
572 2093 731 2179 μερόπων
741 2091 936 2177 ἀνθρώπων
996 2103 1049 2160 490

82 2187 197 2267 καλάς.
217 2190 256 2256 έν
272 2197 313 2278 τῆ
323 2191 386 2275 μέν
402 2193 445 2276 ῥα
460 2191 562 2277 γάμοι
577 2187 603 2258 τ’
624 2195 706 2259 ἔσαν
722 2196 887 2260 εἰλαπίναι
902 2213 949 2276 τε,

81 2289 222 2374 νύμφας
239 2287 272 2356 δ’
290 2292 327 2357 ἐκ
342 2288 509 2376 θαλάμων
526 2293 652 2359 δαίδων
667 2289 733 2360 ὕπο
750 2285 997 2377 λαμπομενάων

80 2385 222 2474 ἠγίνεον
238 2383 303 2455 ἀνά
321 2385 418 2474 ἀστν,
435 2385 541 2468 πολύς
557 2385 589 2456 δ’
607 2387 764 2476 ὑμέναιος
779 2386 916 2477 ὀρύρει·

79 2493 204 2568 κοῦροι
222 2481 254 2552 δ’
272 2482 474 2575 ὀρχηστῆρες
491 2490 630 2574 ἐδίνεον,
649 2491 685 2556 ἐν
703 2485 736 2556 δ’
754 2488 821 2574 ἀρα
836 2501 943 2556 τοῖσιν

79 2584 183 2654 αὐλοὶ
201 2585 386 2672 φόρμιγγές
401 2613 437 2655 τε
453 2585 539 2675 βοήν
555 2591 646 2674 ἔχον·
664 2591 702 2656 υί
717 2586 752 2657 δέ
767 2600 925 2674 γυναῖκες
996 2597 1049 2655 495

78 2683 259 2770 ἱστάμεναι
276 2685 454 2773 θαύμαζον
471 2688 523 2755 ἐπὶ
539 2686 765 2774 προθύροισιν
781 2687 911 2773 ἑκάστη.

78 2786 158 2852 λαοὶ
175 2780 208 2851 δ’
228 2788 280 2852 είν
294 2781 402 2874 ἀγορῇ
420 2790 501 2853 ἔσαν
515 2783 652 2872 ἀθρόοι·
669 2791 756 2854 ἔνθα
773 2785 810 2855 δέ
826 2798 935 2863 νεῖκος

79 2881 226 2971 ἀράρει,
245 2881 308 2952 δύο
327 2880 368 2950 δ’.
380 2883 502 2970 άυδρες
516 2888 662 2955 ἐνείκεον
680 2889 790 2954 εἵνεκα
808 2889 926 2971 ποινῆς

78 2979 209 3067 ἀνδρὸς
225 2978 482 3069 ἀποφθιμένου·
499 2979 518 3052 ὁ
537 2983 598 3070 μέν
615 2983 727 3070 εὔχετο
744 2979 838 3052 πάντ’
851 2980 1048 3068 ἀποδοῦναι,

80 3083 179 3172 δήμφ
196 3081 413 3169 πιφαύσκων,
431 3079 450 3150 ὁ
468 3081 501 3150 δ’
520 3080 673 3152 ἀναίνετο
690 3084 794 3170 μηδὲν
812 3083 961 3150 ἑλέσθαι·
997 3096 1050 3152 5⁰0

80 3182 186 3270 ἀμφω
205 3179 240 3249 δ’
259 3184 381 3269 ἱέσθην
398 3182 451 3250 ἐπί
466 3190 574 3268 ίστορι
588 3196 707 3270 πεῖραρ
725 3183 869 3250 ἑλέσθαι.

79 3285 157 3352 λαοὶ
176 3279 210 3349 δ’
228 3278 469 3367 ἀμφοτέροισιν
486 3283 649 3370 ἐπήπυον,
667 3278 770 3367 ἀμφίς
785 3276 925 3363 ἀρωγοί·

79 3383 229 3472 κήρυκες
246 3377 278 3448 δ’
299 3379 365 3468 ἀρα
381 3378 466 3451 λαὸν
482 3380 640 3469 ἐρήτυον·
658 3383 693 3447 ολ
707 3377 744 3447 δὲ
760 3379 914 3463 γέροντες

82 3479 159 3550 εἵατ’
179 3483 233 3550 ἐπὶ
251 3485 395 3560 ξεστοῖσι
412 3485 521 3559 λίθοις
537 3483 615 3568 ίερρῖ
633 3480 682 3546 ένί
698 3477 823 3564 κύκλφ,
