2492 3920
221 247 266 315 ³6
574 253 793 313 ΙΛΙΑΔΟΣ
812 256 847 313 Β.

278 411 417 485 ’Eoum
434 420 500 481 νύν
515 438 585 500 μοι,
611 420 749 481 Μοῦσαι
763 411 923 501 Ὀλύμπια
941 410 1067 500 θύματ’
1084 416 1183 500 ἐχον-
1228 441 1229 506 η

632 533 716 580 σαί·

227 609 318 698 όμείς
334 609 399 698 γάρ
416 615 498 680 θεαί
509 613 591 696 ἐστε,
609 609 752 696 πάρεστέ
767 638 812 700 τε,
832 622 900 682 δστε
917 639 952 682 τε
970 612 1088 700 πάντα,
1131 627 1184 683 485

224 709 317 799 ήμείς
332 711 367 781 δὲ
383 713 478 791 κλέος
497 708 568 780 οίον
585 707 754 798 ἀκούομεν
772 707 854 780 ούδέ
867 737 899 780 τι
918 716 1013 800 ίδμεν
1030 754 1048 764 -

226 815 344 890 οἵτινες
359 807 518 898 ἡγεμόνες
533 817 681 878 Δαναῶν
698 813 753 878 καὶ
773 817 924 899 κοίρανοι
941 803 1036 898 ήσαν.

225 906 361 996 πληθύν
379 907 411 976 δ’
433 906 495 977 οὐκ
512 904 555 977 άν
571 908 635 995 ε’γῶ
654 910 851 998 μυθήσομαι
867 905 942 978 οὐδ’
961 906 1128 998 ὀνομήνω,

226 1007 298 1078 οὐδ’
321 1019 353 1078 εί
365 1035 421 1096 μοι
442 1012 520 1077 δέκα
536 1009 596 1096 μέν
613 1017 777 1096 γλῶσσαι,
798 1012 876 1077 δέκα
895 1007 930 1078 δέ
948 1005 1083 1094 στόματ’
1105 1006 1184 1094 είεν,

226 1110 322 1196 φωνή
340 1109 371 1176 δ’
388 1111 558 1197 ἄρρηκτος,
576 1109 720 1197 χάλκεον
738 1111 777 1178 δέ
795 1135 851 1195 μοι
868 1101 950 1196 ήτορ
966 1111 1063 1196 ε’νείη,
1131 1121 1185 1178 490
1230 1106 1231 1146 ’

226 1215 257 1278 εί
272 1210 316 1297 μή
331 1206 546 1296 Ὀλυμπιάδες
562 1215 711 1298 Μοῦσαι,
730 1209 814 1288 Διός
831 1207 988 1296 αίγιόχοιο

226 1313 417 1398 θυγατέρες,
435 1307 617 1398 μνησαίαθ’
636 1304 708 1378 ὅσοι
726 1306 792 1376 ὑπό
803 1309 905 1378 Ἴλιον
921 1300 1038 1396 ήλθον.

226 1406 348 1497 άρχούς
365 1402 410 1476 αὖ
426 1417 518 1498 νηῶν
535 1413 614 1494 ἐρέω
633 1407 715 1497 νῆάς
731 1434 765 1476 τε
782 1406 964 1494 προπάσας.

289 1517 445 1578 Βοιωτῶν
461 1508 521 1596 μὲν
537 1511 711 1596 Πηνέλεως
728 1512 783 1578 καὶ
800 1507 922 1595 Λήϊτος
938 1499 1042 1596 ήρχον
1231 1589 1232 1592 ¹

224 1605 431 1696 Ἀρκεσίλαός
448 1635 482 1677 τε
498 1609 710 1696 Προθοήνωρ
727 1634 762 1676 τε
779 1613 922 1688 Κλονίος
937 1633 983 1694 τε,
1135 1623 1185 1677 495
1231 1651 1232 1654 =

227 1712 260 1775 οἵ
275 1704 314 1774 θ’
328 1703 437 1794 Ὑρίην
454 1709 610 1794 ἐνέμοντο
628 1713 683 1776 καί
700 1705 829 1777 Αὐλίδα
854 1707 1060 1794 πετρήεσσαν·

230 1806 372 1894 Σχοῖνόν
388 1832 424 1874 τε
439 1805 582 1877 Σκῶλόν
598 1834 632 1875 τε
651 1806 867 1896 πολύκνημόν
885 1805 916 1876 τ’
929 1804 1098 1893 Ἐτεωνόν,

229 1906 393 1974 Θέσπειαν
409 1905 536 1993 Γραίάν
553 1931 588 1975 τε
605 1909 659 1976 καὶ
678 1905 862 1996 εὐρύχορον
879 1899 1128 1994 Μυκαλησσὸν,
1232 1970 1233 1996 ,

228 2013 259 2076 οἳ
275 2005 304 2075 τ’
318 2004 403 2094 ἄμφ’
418 2005 515 2095 εἍρμ’
532 2010 686 2094 ἐνέμοντο
703 2009 758 2078 καὶ
771 2011 924 2077 Εἰλέσιον
941 2009 994 2076 καλ
1010 2005 1186 2097 Ἐρύθρας,
1232 2001 1233 2010 ’

227 2111 261 2176 οἵ
275 2104 305 2175 τ’
324 2105 457 2176 Ἐλεῶν’
474 2106 562 2194 εἶχον
580 2105 635 2194 ἧδ’
652 2105 755 2196 Ὕλην
767 2109 823 2177 καί
839 2115 1005 2194 Πετεῶνα,
1134 2121 1187 2177 500

226 2207 385 2297 Ὠκαλέην
401 2208 567 2277 Μεδεῶνά
583 2206 627 2295 τ’,
648 2211 842 2296 ἐϋκτίμενον
856 2213 1066 2295 πτολίεθρον,

232 2309 351 2390 Κῶπας
368 2308 537 2396 Εὔτρησίν
554 2334 589 2376 τε
607 2307 850 2396 πολυτρήρωνά
865 2335 900 2376 τε
919 2312 1056 2395 Θίσβην,
1093 2311 1097 2318 ’

228 2413 308 2477 οἵτε
326 2407 521 2495 Κορώνειαν
540 2410 596 2476 καὶ,
613 2406 769 2496 ποιήενθ’
788 2406 968 2497 Ἀλίαρτον,

227 2512 262 2578 ολ
277 2535 310 2576 τε
328 2507 501 2576 Πλάταιαν
517 2511 593 2594 έχον
611 2505 667 2594 ήδ’
685 2514 719 2576 οἱ·
736 2505 894 2577 Γλίσαντ’
914 2506 1081 2595 ἐνέμοντο,

227 2613 260 2678 οί
274 2605 312 2676 θ’
328 2605 515 2694 Ὑποθήβας
532 2605 636 2694 εἰχον,
657 2610 851 2694 ἐϋκτίμενον
867 2613 1078 2694 πτολίεθρον,
1133 2623 1188 2674 505

230 2704 401 2796 Ογχηστόν
417 2704 456 2774 θ’
476 2703 577 2794 ίερδν,
595 2707 779 2794 Ποσιδήιον
795 2703 920 2792 άχλαόν
938 2705 1048 2793 άλσος,

227 2813 261 2878 οί
274 2834 308 2876 τε
327 2805 586 2894 πολυστάφυλον
598 2806 725 2896 ’Ἀρνην
744 2812 829 2893 ἐχον,
849 2809 883 2874 οἵ
896 2831 930 2874 τε
948 2809 1094 2875 Μίδειαν

226 2907 338 2977 Νῖσάν
356 2933 389 2976 τε
407 2907 532 2995 ζαθέην
550 2905 739 2994 Ἀνθηδόνα
756 2905 787 2974 τ’
807 2907 1031 2993 ἐσχατόωσαν·

226 3016 296 3078 τῶν
312 3008 374 3097 μέν
390 3009 597 3097 πεντήκοντα
614 3007 688 3088 νέες
705 3014 790 3093 κίον,
810 3009 847 3076 ἐν
863 3005 898 3076 δέ
917 3004 1038 3096 ἑκάστη

227 3116 344 3197 κοῦροι
361 3116 517 3178 Βοιωτῶν
535 3104 653 3176 έκατδν
672 3111 726 3177 καὶ
744 3117 848 3178 εέκοσι
865 3114 991 3195 βαῖνον.
1136 3123 1190 3176 510

293 3214 337 3277 Οἳ
351 3205 382 3275 δ’
400 3206 607 3294 Ἀσπληδόνα
623 3222 719 3276 ναίον
737 3205 781 3277 ἰδ’
798 3205 997 3296 Ὀρχομενόν
1007 3207 1191 3294 Μινύειον,

226 3313 297 3378 τῶν
312 3301 387 3396 ἦρχ’
403 3305 609 3394 Ἀσκάλαφος
627 3307 681 3376 καὶ
696 3305 869 3397 Ἰάλμενος,
888 3305 957 3388 υἷες
973 3307 1104 3396 Ἀρηος,

227 3403 285 3487 οὓς
303 3406 399 3476 τέκεν
417 3404 574 3493 Ἀστυόχη
594 3405 684 3498 δόμῳ
697 3405 854 3493 ’Ἀκτορος
874 3405 1025 3494 Ἀζείδαο,

227 3505 397 3592 παρθένος
414 3511 531 3595 αἰδοίη,
551 3502 718 3591 ὑπερώϊον
736 3513 949 3595 εἰσαναβᾶσα,
